4760 6094
110 335 163 400 ror
587 325 639 394 ur.
684 323 916 396 aurnrnro
938 325 1259 398 conrnssronrs
1279 327 1597 403 ruousranua
1676 353 1678 362 <
1828 280 1833 286 ’
2038 331 2106 398 roc

107 542 180 601 nas,
208 519 363 608 legimus,
391 527 424 584 et
444 513 633 584 exosculatl
653 537 790 598 sumus,
818 515 981 605 lionaque
1002 517 1069 586 lide
1117 531 1186 588 tres
1209 530 1242 588 et
1253 521 1361 590 Praec
1406 533 1498 591 tores
1521 530 1696 604 testautnr,
1717 540 1836 588 manus
1849 521 2009 610 propriae
2022 523 2106 597 sub·

107 611 142 674 ds
160 617 378 684 cotestamur,
401 604 544 691 quisque
566 625 753 684 suantonu,
776 605 867 691 quod
883 623 1068 672 consonum
1117 609 1298 695 scriptione
1320 628 1385 675 con
1409 620 1550 676 rutatum
1570 605 1661 676 uolo.
1788 637 1793 652 ·

107 697 144 762 sit
160 693 272 760 unicae
293 703 328 758 et
347 691 631 758 ueraedoctrinae
652 691 695 756 de
711 688 775 756 Dei
797 691 945 758 ostentm
956 701 990 756 et
1009 711 1068 757 uo-

105 779 234 886 luntate,
254 797 340 884 quae
362 775 383 844 'a
403 775 480 842 Deo
501 772 670 882 pateipeta
692 787 763 858 est,
784 786 818 882 et
839 777 1068 843 commendata

104 862 640 1038 ffijmsseli'ffiffiftnffihffi
658 859 1068 1034 {frtfflplngffffiiugssg
1183 904 1347 998 Scriptum
1378 904 1602 976 ministrorum
1627 904 1849 1020 Ecclesiurum
1882 903 2051 977 Citerioris

104 1037 189 1102 nobis
210 1047 243 1102 et
262 1035 471 1114 resuscitati,
492 1044 527 1100 et
546 1054 634 1100 uoce
654 1031 893 1120 Apostolorum
915 1053 956 1100 ac
977 1033 1068 1184 Apo·
1142 1095 1149 1110 ,
1492 1009 1717 1078 memmii·

105 1119 281 1188 stolieorum
320 1121 482 1187 uirorum=
524 1121 577 1187 Ae
614 1139 825 1206 nequaquam
842 1121 1004 1206 reeipien
1029 1137 1068 1184 as
1139 1146 1142 1154 ι

104 1229 172 1276 esse
190 1207 276 1274 ullas
298 1208 471 1292 opiniones
493 1219 681 1294 pugnantes
699 1226 774 1272 cum
796 1205 972 1292 illaprlrna
986 1205 1069 1270 l’ro·
1323 1221 1473 1290 Salutem
1495 1235 1530 1289 οι
1548 1242 1667 1310 paoem
1688 1225 1722 1288 11,
1745 1223 1894 1289 cmm,

103 1295 220 1381 phetica
241 1295 404 1373 doctrina,
424 1303 456 1358 et
476 1313 565 1360 uoce
585 1289 644 1379 filij
667 1291 743 1358 Dei.
798 1341 801 1348 -
1118 1359 1126 1370 ,

390 1391 394 1395 ·
1206 1375 1315 1451 Quum
1341 1374 1589 1444 illustrissimus
1618 1377 1781 1462 Princeps
1809 1375 2001 1464 Philippus,
2022 1378 2106 1451 Dux

178 1465 304 1552 caspar
316 1463 427 1532 ¹llerlio
438 1463 570 1530 Doctor
584 1442 801 1550 Theologiae,
820 1463 948 1529 docens
958 1461 1069 1530 Euan·
1119 1463 1383 1547 Stertinensium,
1404 1463 1640 1544 Pomeraniae,
1662 1461 1903 1530 cassubiorum
1925 1477 1988 1532 etc.
2031 1464 2103 1532 Do-

106 1549 211 1642 geliuur
230 1553 264 1620 in
285 1547 440 1618 Ecclesia
452 1549 516 1618 Dei
538 1551 572 1616 lu
592 1547 720 1637 inclyta
732 1551 816 1616 urbe
830 1548 1070 1638 Argentorato,
1119 1551 1228 1616 minus
1255 1560 1371 1616 noster
1397 1547 1696 1629 elementissimus,
1724 1549 1746 1616 ir
1773 1551 1871 1618 nobis
1892 1562 2039 1635 peteret,
2065 1562 2104 1620 ut

106 1659 191 1790 paulu
210 1639 346 1744 propria
367 1637 579 1721 subscripsit,
601 1648 639 1702 ut
659 1655 727 1703 uua
747 1637 792 1702 sit
812 1654 881 1702 uox
894 1633 1070 1702 multarum
1119 1638 1213 1702 iuxta
1237 1635 1612 1788 (pdiottrpppeinuictipsipri
1628 1634 2104 1788 plnpppratoripttgarplifissnp

43 1769 45 1792 .
130 1743 329 1791 ecesrarurn.
1119 1743 1207 1788 maru
1260 1743 1302 1788 oc
1475 1742 1518 1788 ua
1565 1743 1599 1786 ιιι
1680 1742 1795 1788 cesis
1907 1743 1971 1790 co
2042 1743 2065 1788 n

436 1817 441 1830 '
1120 1809 1200 1874 stris
1219 1827 1343 1894 magno
1364 1743 1710 1887 corlsgnsu‘traditur,
1741 1743 1836 1875 bJreui
1862 1810 1991 1896 scripto
2013 1827 2104 1876 coru·

178 1898 343 1964 lohannes
375 1892 590 1962 Marbaehius
623 1890 828 1982 l'lreoicgiae
856 1891 1005 1973 Doetor,
1037 1903 1070 1959 et
1119 1891 1338 1980 prehensam,
1363 1893 1624 1981 congruentibus
1650 1895 1794 1959 omnium
1815 1893 2003 2000 sutiragtjs,
2032 1893 2104 1961 Τοι-

106 1981 210 2048 Pastor
230 1981 408 2050 Ecclesiae
428 1982 472 2047 ad
491 1981 528 2048 S.
549 1977 725 2046 Nicolaum
747 1979 980 2067 Argentorati,
1001 1999 1070 2046 ma·
1122 1980 1277 2048 dentiuaa
1303 1979 1442 2066 Synodo
1469 1977 1681 2048 offerremus:
1706 1999 1775 2046 nou
1802 1991 1967 2068 grauatum
1995 1981 2029 2048 id
2050 2000 2105 2048 ne·

105 2088 140 2134 ιιι
158 2069 284 2156 propriu
305 2068 522 2154 subscripsit.
1123 2066 1231 2155 gocij‚
1263 2066 1355 2154 quod
1383 2066 1514 2152 pietati,
1546 2066 1714 2146 iusticiae,
1752 2077 1786 2132 et
1824 2077 2006 2152 praecepto
2038 2064 2106 2134 Dei

1122 2151 1264 2220 maxime
1283 2164 1544 2219 cousentaneum
1562 2162 1645 2224 erat,
1667 2153 1889 2236 suscepimus.
1918 2152 1987 2220 Sed
2027 2173 2106 2224 uum

174 2239 296 2306 Beatus
340 2238 510 2326 Gerlugus
549 2235 702 2304 Minister
734 2233 910 2324 Euangelij
945 2233 1071 2302 Christi
1121 2240 1155 2304 id
1178 2239 1275 2304 etiam
1292 2239 1451 2324 temporis
1466 2233 1763 2304 uesnaconiessio
1781 2234 1999 2304 illustrissimi
2038 2239 2106 2304 riu·

107 2333 278 2406 oceanus,
311 2324 438 2392 Pastor
468 2322 646 2395 Ecclesiae
674 2321 759 2403 Del,
791 2341 878 2409 quae
910 2322 999 2428 apud
1025 2321 1070 2388 Ι).
1123 2325 1208 2411 cipis
1228 2324 1323 2390 iussu
1345 2325 1443 2394 nobis
1465 2324 1687 2404 exhiberetur,
1708 2343 1750 2390 ac
1765 2325 2106 2392 animaduerteremus

109 2407 244 2478 l’nonam
265 2411 486 2500 Argentorati
507 2410 680 2490 conuenit,
709 2429 810 2474 mauu
830 2429 968 2495 propria
989 2410 1070 2476 sub-
1123 2411 1259 2477 recitari
1278 2409 1313 2475 in
1335 2430 1377 2476 ea
1401 2411 1586 2478 doctrinam
1609 2430 1740 2490 ueram,
1761 2411 1849 2494 piem
1871 2421 1905 2476 et
1926 2407 2107 2476 salutarem

109 2498 229 2583 scripsit.
826 2567 833 2587 ,
1123 2494 1310 2576 Ecclesiae,
1330 2493 1431 2582 plane
1452 2507 1691 2584 congruentem
1709 2517 1786 2564 cum
1804 2495 1938 2582 scriptis
1956 2492 2106 2582 Prophe·

1123 2583 1197 2648 ticis
1225 2594 1259 2648 et
1280 2581 1504 2668 Apostolicis=
1536 2582 1645 2649 uisurn
1678 2591 1732 2648 est
1758 2583 1914 2648 omnibus
1942 2580 2105 2648 Ministris

175 2667 391 2736 'l’heobaldus
412 2667 520 2756 Nigri,
542 2665 696 2733 Minister
716 2668 750 2731 in
772 2662 957 2753 Euangelio
976 2663 1071 2732 chrr-
1123 2679 1158 2736 et
1184 2669 1379 2738 doctoribus
1400 2665 1631 2735 Ecclesierum
1657 2669 1713 2756 qui
1740 2665 1998 2754 Grypsuualdae
2026 2686 2107 2734 eon·
2199 2702 2200 2705 ι

111 2753 143 2818 sti
163 2752 331 2823 Ecclesiae
362 2753 413 2821 Ar
437 2753 680 2834 entoratensis,
754 2771 861 2818 nosco
889 2751 1072 2840 Chirogra·
1123 2765 1296 2835 ueuerant,
1318 2765 1355 2821 ut
1373 2755 1523 2821 instituto
1536 2752 1653 2821 labore
1670 2755 1940 2840 supersedentes,
1959 2763 2107 2821 nesuam

111 2837 162 2922 phc
179 2861 262 2923 meo,
283 2841 379 2908 hane
452 2837 656 2908 niesdonem
677 2772 760 2906 uean
781 2835 905 2904 Christi
926 2848 962 2916 et
980 2839 1070 2923 Apo
1124 2839 1370 2908 confessionem
1397 2841 1523 2908 nostris
1544 2842 1691 2906 omnium
1716 2838 1886 2928 suffragijs
1908 2840 2107 2924 comproba·

113 2921 247 2994 stolorum
273 2927 467 2995 doctrinam
495 2945 592 3006 esse,
619 2945 707 3012 quae
733 2926 840 2992 uirtus
862 2935 916 2991 est
936 2923 981 2991 ad
1005 2921 1071 2990 sal·
1123 2946 1247 3008 remus,
1269 2947 1311 2992 ac
1331 2935 1369 2993 ut
1389 2938 1539 2992 nostram
1560 2939 1594 2992 et
1615 2923 1840 2993 illustrissimo
1856 2925 1967 2992 Princi
1990 2927 2013 3004 i,
2035 2922 2107 2992 'lhi-

114 3013 226 3078 rudem
246 3015 442 3092 credentes,
462 3022 597 3099 praeter
618 3031 717 3098 quam
738 3007 863 3077 nullam
884 3005 1071 3078 aliamesse
1123 3013 1278 3080 deutinae
1299 3010 1440 3100 Synodo
1463 3011 1669 3080 offerremus.
1713 3011 1826 3086 Quare
1849 3010 1948 3098 hiep
2004 3031 2037 3076 m
2058 3021 2107 3076 te·

116 3093 205 3165 iudico.
1121 3109 1250 3166 stamur
1270 3111 1305 3166 et
1330 3095 1535 3168 ιιιιὶιιιιοιιιιιο
1558 3118 1670 3165 οοιιιιιι
1692 3097 1769 3166 Deo
1789 3107 1822 3164 et
1843 3099 1998 3164 omuibus
2021 3097 2107 3164 San·

327 3259 340 3264 ,
1121 3187 1185 3252 ctis
1206 3185 1241 3250 ln
1261 3182 1361 3252 coelo
1383 3186 1473 3250 etin
1494 3194 1585 3250 terra
1605 3185 1802 3264 doctrinam,
1823 3203 1912 3272 quae
1933 3186 1967 3250 in
1988 3194 2106 3250 uestra

178 3267 292 3338 ludus
313 3265 479 3356 Kyberus
499 3269 543 3334 ad
563 3269 601 3336 S.
623 3265 793 3335 Aureliam
814 3267 953 3348 Pastor,
974 3285 1071 3354 prae·
1121 3267 1345 3338 coMessione
1365 3271 1581 3356 proponitur,
1606 3290 1722 3338 uerum
1749 3281 1783 3336 et
1833 3290 1869 3336 er
1892 3281 2003 3336 etuum
2024 3287 2104 3336 esse

128 3353 234 3424 talias
261 3367 394 3435 testor,
422 3353 503 3422 huic
550 3356 604 3421 iae
631 3351 845 3422 Gonlesslonl
873 3351 1004 3435 solidae
1036 3363 1072 3419 et
1121 3375 1324 3430 consensum
1355 3353 1543 3424 catholicae
1573 3353 1750 3423 Ecclesiae
1824 3356 1846 3444 ij
1909 3355 1941 3422 ei
1967 3353 2105 3420 Domini

123 3451 341 3542 οιιιριιιιιιιιοιιιο
360 3439 445 3508 nihil
472 3377 801 3526 nefandorumque
827 3442 862 3506 in
883 3460 925 3508 ea
946 3438 1071 3527 aliquid
1120 3445 1226 3510 nostri
1248 3445 1326 3510 lesu
1343 3439 1488 3522 Christi,
1515 3461 1647 3528 uosque
1672 3462 1746 3509 eam
1767 3452 1839 3508 toto
1866 3450 2004 3529 pectore
2030 3459 2101 3506 em·

118 3517 264 3596 deriuari
293 3545 422 3615 posse,
478 3547 555 3594 uam
581 3537 615 3594 et
642 3545 708 3614 ego
728 3521 872 3592 libenter
893 3524 1070 3607 confiteor,
1119 3528 1237 3616 plecti,
1267 3548 1310 3595 ac
1338 3548 1463 3595 sonare
1489 3529 1524 3594 iu
1544 3528 1670 3594 nostris
1692 3525 1878 3615 Ecclesijr‚
1905 3525 2102 3610 Acadeudjs

117 3605 273 3681 thonius
293 3633 364 3702 pro
386 3633 467 3680 rene
500 3624 535 3680 ta
555 3633 618 3680 sua
638 3609 821 3693 uoluntate,
842 3613 970 3701 gratias
991 3633 1069 3700 ago.
1120 3628 1154 3682 et
1176 3612 1325 3696 Scholia,
1345 3637 1388 3682 ac
1410 3613 1487 3680 Deo
1507 3615 1642 3681 iuuante
1662 3613 1707 3680 ad
1723 3633 1854 3680 omnem
1872 3613 2104 3680 aeternitatem

1121 3713 1317 3769 constanter
1341 3697 1559 3806 professuros
1586 3720 1629 3766 ac
1654 3698 1855 3766 defensuros
1881 3717 1978 3766 esse.
2003 3697 2103 3774 Quod

176 3783 311 3856 loannes
339 3785 410 3855 hdr
435 3782 538 3864 linus,
560 3783 684 3850 Pastor
695 3779 870 3852 Ecclesiae
883 3783 960 3851 lesu
974 3781 1070 3850 Chri·
1120 3809 1222 3876 quum
1248 3787 1296 3853 ita
1322 3799 1383 3860 ιιι.
1410 3797 1604 3854 reuerenter
1630 3803 1783 3864 oramus,
1816 3799 1854 3853 ut
1874 3805 1937 3870 pro
1956 3797 2103 3852 'eorume-

112 3864 200 3935 stad
225 3873 261 3940 S.
295 3870 404 3938 Guilh
469 3892 526 3938 um
547 3871 781 3958 Argentorati‚
812 3869 948 3958 proprie
970 3889 1070 3938 mauu
1092 3875 1097 3978 j
1119 3869 1272 3941 morabili
1300 3884 1415 3940 uestra
1442 3893 1524 3961 erga
1552 3891 1616 3936 nos
1643 3871 1767 3956 pietate
1793 3882 1827 3938 et
1854 3869 2101 3951 beneuoleutla,

110 3951 293 4044 ubscripsit.
1120 3969 1255 4030 nostros
1283 3957 1474 4038 Ecclesias,
1499 3968 1533 4024 et
1560 3976 1621 4024 eos
1650 3958 1707 4045 qui
1733 3957 1852 4025 harum
1872 3953 2103 4024 Ecclesiamm

1119 4047 1252 4113 nomine
1272 4042 1384 4111 isthuc
1400 4045 1599 4124 emittuntur,
1621 4043 1785 4132 doctrina,
1808 4041 1950 4110 consilio
1968 4041 2103 4109 etomul

175 4125 367 4199 hudouicus
387 4127 522 4208 Rebus,
548 4126 723 4196 Ecclesiae
744 4125 871 4194 christi
891 4128 981 4214 apud
1002 4129 1068 4196 Ar·
1120 4151 1245 4222 genere
1276 4128 1378 4214 officii
1411 4131 1550 4208 iuuetis,
1590 4130 1756 4215 uobisque
1788 4129 2038 4196 commendatos
2068 4135 2104 4194 st

108 4221 294 4291 geutoratum
314 4215 483 4296 Minister,
503 4215 593 4282 hanc
613 4211 870 4282 Confessionem
892 4225 926 4279 et
947 4213 1069 4280 doctri·
1120 4217 1318 4284 coniunctos
1345 4237 1422 4284 esse
1442 4215 1582 4296 sinatis,
1608 4235 1651 4282 ac
1672 4215 1806 4280 omnino
1828 4216 2002 4294 statuatis,
2023 4233 2100 4294 nos,

108 4309 168 4361 uem
193 4297 369 4368 Ecclesiae
392 4299 716 4389 Vuitembergensis,
744 4311 778 4366 et
806 4299 1068 4382 coniuncturum,
1120 4325 1198 4372 cum
1218 4303 1260 4369 de
1280 4305 1390 4371 sacris
1412 4301 1633 4387 caeremonijs
1661 4303 1696 4366 in
1717 4297 1903 4390 Euangello
1930 4300 2103 4380 institutis,

107 4395 177 4529 ppt
196 4387 265 4453 sina
285 4385 359 4454 ulla
380 4387 586 4454 dubitatione
608 4407 796 4454 consensus
818 4396 870 4454 ast
891 4385 1069 4455 Ecclesiae
1119 4403 1188 4456 tum
1209 4409 1294 4457 uero
1322 4391 1365 4456 de
1390 4391 1548 4457 uniuersa
1569 4388 1720 4454 doctriua
1742 4385 1900 4464 coelesti,
1927 4387 2036 4472 deque
2057 4385 2102 4451 ri·

147 4467 284 4540 thelicae
304 4471 448 4554 Christi,
475 4493 518 4540 ex
541 4475 652 4541 anirno
673 4470 885 4560 amplectitur
903 4491 1069 4561 manuque
1120 4478 1210 4542 tibus
1247 4475 1291 4542 ad
1319 4477 1482 4542 eutexlam
1507 4469 1683 4542 Ecclesiae
1753 4473 1967 4552 rtinentihus,
2000 4467 2103 4558 plant

107 4557 223 4638 proprie
242 4559 459 4646 subscripsit.
1118 4563 1208 4629 idem
1235 4563 1410 4628 uobiscum
1436 4560 1576 4640 sentire,
1607 4580 1673 4628 uec
1734 4580 1775 4626 eo
1798 4561 1899 4626 dante
1925 4575 2102 4644 passuros,

449 4667 451 4670 ’
1119 4658 1158 4716 ut
1182 4643 1262 4713 udis
1287 4668 1333 4715 un
1357 4667 1434 4714 uaru
1461 4647 1667 4731 temporibus
1693 4647 1738 4712 ah
1764 4644 1831 4711 hae
1858 4641 2023 4710 sententia
2043 4641 2102 4708 de·

179 4723 437 4817 Christophorus
459 4725 606 4798 Soellius
627 4739 690 4797 sst.
1118 4731 1291 4822 pellamm.
1336 4669 1618 4800 Eornmendamus
1644 4733 1743 4798 etiarn
1769 4729 1839 4797 tilio
1867 4729 1933 4795 Dei
1953 4727 2102 4794 Domino

1119 4830 1238 4886 nostro
1260 4819 1336 4886 lesu
1354 4815 1490 4884 Christo
1512 4830 1661 4884 uestram
1682 4813 1836 4894 salutern,
1866 4833 2010 4920 eumque
2027 4823 2102 4881 tcto
2187 4827 2191 4836 '

178 4893 374 4970 chranum
400 4901 586 4983 liubertns,
619 4921 719 4968 mauu
749 4921 825 4970 mes
851 4901 1069 4970 subscribere
1119 4916 1258 4994 pectore
1278 4916 1312 4970 et
1332 4905 1526 4972 ardentibus
1546 4905 1633 4970 uotis
1655 4921 1807 4983 oramus,
1835 4911 1871 4968 ut
1890 4913 2042 4968 senones
2065 4908 2100 4966 et

106 4971 194 5044 '⁰¹¹¹l·
1120 5003 1263 5060 conatus
1288 5001 1423 5058 uestros
1444 5009 1482 5056 re
1506 5001 1542 5056 at
1567 4999 1602 5056 et
1625 4985 1775 5056 fortunat
1794 4989 1839 5055 ad
1859 4985 2002 5075 glorium
2022 5005 2102 5052 san·

1120 5077 1258 5144 ctissimi
1290 5077 1343 5144 sui
1374 5011 1536 5156 nomiuls,
1572 5085 1607 5140 et
1634 5075 1678 5142 ad
1709 5071 1881 5140 utilitatem
1913 5069 2098 5140 Ecclesiae.

178 5146 393 5226 Leouhardus
420 5157 613 5240 Fontanus,
649 5159 803 5226 Minister
834 5169 868 5226 et
893 5155 1066 5224 Diaconos
1119 5163 1212 5232 Bene
1239 5174 1275 5230 et
1300 5159 1442 5228 feliciter
1468 5160 1581 5229 ualeat
1605 5157 1649 5226 V.
1676 5157 1715 5226 E
1745 5159 1778 5226 in
1806 5157 1961 5240 Christo,
1987 5157 2042 5226 cul
2063 5164 2099 5222 et

108 5221 262 5306 satam
287 5241 326 5307 S.
352 5243 485 5312 Nicolai
506 5245 729 5334 Argentiaae,
758 5245 846 5312 idem
874 5243 965 5332 quod
984 5243 1066 5311 Era·
1089 5308 1094 5323 ,
1117 5262 1253 5317 nostras
1267 5243 1442 5338 Ecplesin
1461 5259 1497 5314 at
1517 5248 1661 5314 honesta
1681 5247 1792 5314 studia
1813 5247 1879 5333 pijs
1900 5246 1988 5312 uotis
2008 5262 2102 5335 οοιιι·ι

291 5377 538 5430 muscosa.
549 5379 616 5424 ror.
624 5379 730 5425 mm.
1856 5367 1893 5420 30
