4770 6100
252 343 275 410 Ι
572 409 576 417 ,
916 341 1106 410 Plllhll'l’l
1127 339 1452 412 summotus
1471 339 1636 412 OPERA.
1754 420 1759 428 ,
2234 349 2257 416 8
2347 271 2354 418 l

419 543 522 599 lienes
556 535 694 618 Augusto
716 529 883 618 ·Philippus
910 539 968 598 iter
994 539 1145 618 ingressas
1173 545 1219 595 est
1246 553 1351 614 eques,
1376 545 1405 594 et
1431 537 1557 615 primum
1586 537 1982 614 hugumv'mdelicorum
2001 537 2115 598 Dum
2130 536 2257 604 &aaut

263 627 447 699 Electorem,
470 627 585 684 eteius
608 625 863 702 concionatorem,
895 623 1099 704 Georgium
1125 618 1373 703 Spalatinum,
1400 623 1550 685 edundi.
1595 622 1641 684 lbi
1661 625 1838 686 wllicitatur
1858 623 2039 700 tharasia,
2061 633 2095 684 ut
2114 627 2144 686 in
2162 626 2259 688 doado

260 716 354 776 uriam
376 712 623 791 lngolstadiauam
648 713 857 791 potiusquam
878 713 910 772 in
931 712 1173 790 Vitobergensem
1196 711 1304 771 veniat.
1347 711 1422 770 Indo
1449 711 1643 790 proficiscitur
1667 711 1901 792 Norinbergam,
1930 712 1981 772 ubi
2001 732 2067 773 cum
2095 713 2261 776 Bilihalio

265 800 526 860 Pirkheimero
547 809 576 857 et
597 796 874 877 Christophoro
896 793 1141 860 Schsuerlino
1161 797 1298 858 notitiam
1320 797 1538 876 amicitiamque
1558 799 1665 859 iunxit.
1741 838 1745 852 .

324 887 345 936 (ἶ
420 885 467 946 Ι).
485 885 536 946 to.
555 887 633 964 Aug.
656 884 886 964 venitIn'psism
904 887 1004 964 ibique
1027 885 1099 946 vidit
1119 886 1246 964 primm
1272 883 1421 944 Petrum
1443 885 1709 958 Mosellanum,
1737 897 1768 943 et
1794 887 1982 946 Audrcam
2009 885 2182 948 Francutn
2206 883 2262 948 (ls-

264 975 482 1044 sititianum,
504 977 575 1031 tunc
596 973 733 1032 iuvenem
756 973 885 1050 optimae
906 974 980 1050 spei,
1003 980 1106 1051 postea
1126 971 1326 1034 consiliarium
1349 969 1483 1051 Georgii,
1505 971 1684 1044 lienrici2et
1706 973 1858 1046 Mauriciit
1881 971 1999 1033 Ducum
2020 969 2173 1034 suone
2204 973 2263 1050 ,liu

263 1061 342 1120 lebat
363 1071 485 1120 narrare
503 1057 675 1138 Philippus,
704 1060 775 1137 quid
797 1061 953 1120 accidisset
978 1059 1098 1138 Lipsiae
1121 1059 1153 1118 in
1174 1059 1324 1132 convivio,
1357 1077 1416 1136 quo
1443 1058 1588 1137 hospitem
1618 1079 1686 1120 eum
1703 1054 1876 1138 Collegium
1906 1061 2079 1140 primarium
2107 1061 2264 1122 suimus

264 1147 346 1208 illius
364 1147 486 1206 honoris
508 1163 599 1206 causa
616 1155 779 1224 acceperat
823 1145 921 1221 Quum
944 1147 1034 1206 enim
1046 1145 1104 1204 cibi
1128 1145 1230 1206 srebm
1246 1143 1436 1220 inferrentur,
1460 1157 1490 1204 et
1512 1149 1627 1224 quoties
1647 1146 1678 1205 hi
1700 1155 1937 1226 apponerentur,
1962 1149 2198 1226 unusquispiam
2217 1166 2264 1206 me-

265 1235 358 1295 ditata
379 1236 511 1295 oratione
534 1233 690 1312 adipsum
713 1233 868 1292 verborum
891 1233 1002 1312 aliquid
1024 1232 1144 1304 faceret,
1167 1233 1372 1294 animadversa
1393 1251 1426 1292 re
1446 1231 1612 1313 Philippus,
1634 1243 1790 1312 postquam
1812 1233 1903 1294 semel
1925 1241 2015 1314 etque
2036 1235 2141 1294 iterum
2161 1253 2264 1313 respou-

265 1323 373 1394 diaset,
396 1322 515 1383 taudem
533 1320 657 1380 obsecro
679 1339 747 1394 voa,
770 1322 881 1396 inquit,
902 1320 957 1380 viri
979 1320 1151 1393 clarissimi,
1169 1319 1323 1395 patiamini
1345 1337 1392 1380 me
1414 1319 1523 1380 auditis
1553 1320 1736 1381 orationibus
1754 1321 1867 1381 cunctis
1897 1322 1939 1380 ita
1963 1321 2091 1400 denique
2121 1320 2206 1381 semel
2228 1340 2264 1378 ro·

265 1408 426 1486 sponderat
449 1427 518 1466 uam
540 1425 573 1465 re
594 1407 756 1486 improvisa
777 1426 837 1466 uon
859 1407 971 1466 accessi
992 1407 1030 1466 ad
1052 1407 1140 1467 toties
1158 1406 1316 1466 dicendam
1337 1407 1504 1466 necessaria
1528 1409 1669 1466 varietate
1697 1408 1866 1468 instructus.
1911 1411 2010 1486 Atque
2038 1409 2082 1468 ita
2103 1408 2193 1468 aiebat
2214 1418 2264 1466 tum

265 1513 403 1574 pompam
427 1514 492 1554 uam
514 1511 751 1572 supervacaneae
772 1493 1008 1573 compellationis
1029 1493 1136 1554 deiude
1157 1493 1290 1552 adhiberi
1317 1493 1468 1554 desiisse.“
1494 1490 1656 1569 (Gamerar.
1679 1495 1711 1554 in
1733 1495 1796 1554 vita
1816 1493 1886 1552 Mel.
1908 1513 1938 1572 p.
1964 1495 2031 1572 16.)
2053 1529 2094 1540 -
2117 1491 2265 1555 Oommom

264 1589 314 1640 tua
337 1589 381 1640 est
404 1579 525 1659 lllpsiae
547 1594 641 1658 nsque
664 1579 701 1640 ad
724 1581 753 1639 d.
777 1579 827 1638 it.
852 1583 940 1657 Aug,
959 1591 988 1639 et
1010 1577 1183 1659 Lipsienses
1204 1582 1285 1640 omni
1306 1581 1402 1640 modo'
1417 1581 1601 1654 studuerunt,
1624 1601 1691 1640 eum
1714 1579 1836 1660 Lipsiae
1856 1576 1993 1656 tetinele,
2014 1581 2091 1640 male
2112 1579 2216 1660 loquuti
2235 1582 2264 1640 de

267 1669 442 1746 Viteberge,
465 1679 495 1726 et
516 1667 646 1746 largiora
667 1667 814 1744 stipendia
834 1667 1047 1743 promittentes.
1091 1664 1151 1727 Sed
1174 1665 1345 1746 Philippus,
1364 1685 1533 1746 quanquam
1555 1669 1621 1748 ipse
1639 1669 1750 1727 veritus
1768 1677 1823 1740 est,
1845 1685 1883 1728 ns
1905 1685 1966 1728 uon
1986 1677 2090 1746 posset
2111 1664 2264 1746 Vitehergue

238 1753 241 1762 ⁴
266 1774 299 1816 ac
322 1755 416 1829 alere,
439 1763 539 1830 tamen
561 1753 713 1832 promissis
734 1755 831 1825 stetit,¹
855 1755 885 1812 'et
906 1753 978 1814 abiit
998 1753 1198 1832 Vitebergem.
1446 1780 1451 1799 ·

277 1852 279 1864 ’
381 1845 385 1852 ’
415 1839 461 1902 11.
487 1841 537 1900 24.
558 1842 644 1918 Aug!
659 1841 690 1899 in
713 1841 824 1920 oppido
844 1837 950 1900 lidben
973 1841 1166 1920 pernoctavit.

424 1927 463 1988 D.
489 1927 539 1988 15.
563 1931 641 2004 Aug.
662 1927 737 1987 hora
757 1929 852 2006 prima
873 1928 1076 2006 pomeridiana
1098 1927 1287 2004 Vitebergam
1309 1927 1407 1986 intrat.

2352 425 2354 514 l

423 2013 482 2092 ,n
506 2015 556 2074 ee.
579 2017 659 2091 sug.
682 2014 736 2073 sus
759 2013 920 2074 neaerae
939 2011 1431 2092 maerensmaerens
1456 2015 1606 2094 umam,
1628 2015 1795 2075 neantes
1817 2025 1862 2076 est
1884 2013 1963 2074 ran.
1986 2014 2158 2076 nouenos
2178 2015 2264 2073 usn

264 2101 407 2181 Magister
435 2100 636 2180 Tubingensis
662 2093 700 2158 de
727 2101 843 2172 Bretta,
872 2119 1042 2179 graecam
1056 2099 1232 2176 'litterarum
1260 2099 1352 2160 lector
1388 2101 1529 2180 primus.“
1576 2099 1675 2178 (liaeo
1707 2103 1819 2180 scripta
1853 2102 1991 2180 leguntur
2019 2103 2051 2161 in
2081 2103 2144 2162 cod.
2159 2161 2161 2172 ,
2176 2099 2264 2160 Bavni

421 2275 459 2334 t).
483 2272 534 2336 29.
560 2278 637 2352 Aug.
659 2276 829 2354 auspicetur
858 2291 966 2336 munus
992 2275 1192 2354 academicum
1219 2274 1354 2334 oratione
1380 2275 1513 2353 publica:
1545 2275 1600 2350 „de
1619 2275 1812 2354 ,corrigendis
1842 2275 2060 2336 adolescentiae
2087 2275 2212 2334 studiis*
2232 2307 2265 2318 —

255 2359 411 2446 guntherus
431 2363 463 2422 in
486 2381 532 2442 ep.
555 2359 594 2420 ad
617 2355 803 2444 Spalatinum
825 2361 854 2420 d.
879 2363 929 2422 31.
954 2361 1033 2442 Aug.
1057 2380 1093 2420 ea
1115 2361 1152 2420 de
1173 2381 1206 2420 re
1228 2361 1318 2420 haece
1342 2355 1476 2438 ,Habuit
1503 2362 1705 2442 (Melanthos)
1732 2361 1897 2423 cretionem
1924 2373 2031 2442 quarto
2057 2361 2106 2424 die
2132 2369 2266 2442 postquam

264 2459 401 2522 venerat,
423 2447 513 2527 plane
535 2444 760 2508 eruditissimam
784 2459 813 2508 et
834 2449 1042 2521 terdecimum,
1065 2457 1148 2506 tauta
1169 2449 1266 2526 gratia
1286 2449 1417 2508 omnium
1440 2457 1470 2508 et
1491 2449 1702 2522 admiratione,
1726 2458 1758 2508 ut
1786 2450 1844 2508 iam
1867 2467 1928 2510 nou
1957 2449 1988 2508 id
2015 2449 2071 2510 tibi
2101 2449 2267 2530 cogitandum

264 2537 312 2612 sit,
334 2554 392 2612 qua
413 2537 529 2594 ratione
551 2536 637 2595 nobie
660 2555 726 2594 eum
750 2535 950 2594 commendes:
973 2535 1171 2596 abstraximus
1194 2535 1252 2594 cito
1275 2535 1443 2614 opinionem
1467 2545 1495 2594 et
1518 2536 1660 2596 visionem
1683 2545 1814 2596 staturae
1830 2545 1859 2594 et
1880 2554 2038 2616 personae,
2062 2547 2091 2596 et
2112 2555 2170 2599 rem
2189 2533 2264 2614 lpsau

262 2603 294 2682 in
317 2633 353 2682 eo
374 2623 557 2700 gratulamur
578 2632 608 2682 et
630 2623 783 2681 miremort
802 2639 904 2682 verum
924 2621 956 2681 id
979 2622 1077 2701 potius
1100 2623 1261 2682 curandum
1284 2631 1342 2696 est,
1364 2640 1493 2700 quonum
1515 2623 1613 2682 studio
1635 2643 1702 2682 eum
1723 2623 1829 2683 reddas
1852 2622 1983 2700 Principi
2009 2631 2113 2684 nostro
2142 2640 2264 2682 commen·

264 2710 457 2770 dahssimum
504 2707 568 2788 ligo
592 2709 681 2788 plene
702 2727 840 2786 maecum
861 2719 1094 2789 praeceptorem,
1117 2708 1169 2768 illo
1191 2703 1293 2782 salvo,
1315 2707 1405 2768 alium
1427 2728 1487 2768 non
1509 2709 1655 2770 desidero.
1698 2707 1801 2770 Unum
1823 2710 1930 2784 timeo,
1953 2728 1991 2769 ne
2011 2707 2090 2770 forte
2111 2711 2264 2769 victumne
2353 2739 2354 2762 1

263 2805 341 2856 strae
362 2795 493 2874 regionis
516 2815 577 2855 non
605 2797 678 2856 satis
699 2797 773 2854 ferat
794 2796 962 2856 teneritudo
984 2795 1062 2866 eiust
1085 2795 1191 2856 deinde
1213 2796 1292 2874 quod
1314 2796 1420 2870 audio,
1446 2797 1570 2856 nimium
1595 2815 1687 2876 parco
1716 2797 1867 2877 stipendio
1895 2815 1962 2857 eum
1990 2798 2181 2869 conductum,
2207 2795 2263 2853 adeo

264 2891 298 2942 ut
318 2879 524 2962 lipsiensibus
545 2883 604 2942 iem
625 2883 828 2961 gloriabundis
849 2899 919 2961 spes
940 2883 996 2957 sit,
1026 2883 1107 2958 lore,
1127 2891 1161 2944 ut
1181 2883 1267 2943 nobis
1288 2901 1356 2944 eum
1378 2883 1553 2960 quantocius
1573 2882 1718 2944 auferant.
1761 2881 1841 2943 Nam
1865 2891 1894 2943 et
1913 2883 1973 2944 iam
1996 2884 2162 2945 solicitatur
2181 2883 2213 2942 ab
2232 2880 2263 2941 ult

262 2970 333 3044 fuit,
356 2979 515 3047 antequam
537 2969 576 3029 ad
597 2987 653 3029 nos
674 2970 869 3048 perveniret.“

375 3127 379 3145 Ι
420 3055 460 3120 D.
486 3057 514 3117 2.
538 3053 619 3134 Sept.
641 3053 799 3139 humerus,
819 3057 857 3116 ad
886 3053 1088 3133 Spalatiuumr
1119 3055 1295 3136 ,Philippus
1318 3057 1495 3118 auditorium
1518 3055 1607 3118 babet
1626 3055 1767 3116 refertum
1790 3055 1988 3130 auditoribuat
2010 3059 2042 3116 in
2060 3057 2165 3138 primis
2184 3067 2262 3116 onnes

264 3136 451 3223 Theologos,
474 3161 604 3204 summos
626 3163 692 3204 cum
715 3145 820 3208 mediis
841 3152 871 3202 et
892 3143 1013 3218 infmia,
1036 3143 1185 3204 studiosos
1205 3141 1275 3203 facit
1296 3141 1506 3205 Graecitatis*

286 3291 290 3302 ,
402 3229 461 3292 .D.
485 3231 513 3291 9.
536 3227 618 3309 Sept.
639 3229 788 3294 liutherus
809 3232 847 3290 ad
876 3229 921 3291 lo.
938 3229 1089 3309 Langumr
1122 3229 1366 3310 ,Eruditissimus
1388 3239 1419 3290 et
1438 3231 1717 3309 graecanicissimus
1746 3225 1905 3310 Philippus
1933 3227 2109 3292 Melanthea
2136 3229 2206 3310 apud
2221 3239 2258 3284 uu

265 3306 384 3379 Graec'a
402 3315 567 3398 profitetur,¹
586 3338 659 3398 puer
681 3327 710 3378 et
731 3309 984 3391 adolescentulus,
1006 3317 1033 3378 ai
1054 3325 1182 3394 aetatem
1205 3319 1390 3394 consideres,
1418 3327 1566 3379 caeterum
1589 3325 1691 3379 noster
1713 3312 1839 3394 aliquia,
1861 3317 1889 3378 ai
1911 3317 2085 3378 varietatem
2108 3329 2138 3378 et
2157 3313 2259 3376 omniun

264 3404 326 3466 fere
342 3405 486 3468 librorum
508 3405 642 3466 notitiam
664 3415 789 3486 spectes,
810 3411 924 3470 tantum
948 3403 1027 3466 valet
1048 3425 1108 3467 nou
1126 3406 1224 3468 solum
1241 3407 1272 3466 iu
1289 3417 1414 3484 utraque
1430 3403 1549 3486 lingua,
1568 3406 1621 3466 sed
1639 3404 1794 3485 utriusque
1816 3405 1936 3483 linguae
1955 3403 2137 3466 cruditioust
2157 3403 2261 3464 nsaw
2352 3475 2353 3510 ᾖ

266 3512 385 3574 quoque
406 3512 467 3554 non
488 3493 654 3574 incognitas
674 3493 764 3554 habet
784 3493 926 3554 litteraa“

420 3580 525 3640 Mense
547 3579 628 3659 Sept.
651 3577 808 3660 Spalatiuo
829 3579 968 3653 affirmat,
989 3599 1022 3640 se
1043 3579 1233 3660 Vitebergam
1255 3597 1315 3639 nou
1337 3580 1520 3640 deserturum
1543 3597 1639 3658 noque
1661 3575 1811 3658 Lipsiam,
1835 3588 1867 3652 qt
1888 3577 1969 3638 fama
1991 3577 2155 3652 ferebatur,
2174 3577 2258 3636 ituruu

265 3683 339 3728 esse.
384 3663 477 3729 Simul
502 3667 603 3728 scribit
624 3667 731 3749 quibus
752 3668 783 3728 iu
805 3668 911 3728 studiis
934 3675 1076 3728 versetur.
1115 3665 1213 3742 Quum
1236 3686 1297 3726 non
1319 3668 1436 3728 adesset
1453 3667 1556 3738 domos
1577 3666 1780 3726 hebraicarum
1803 3663 1981 3740 litterarum,
2002 3667 2067 3744 ipse
2088 3665 2138 3725 illo
2157 3671 2262 3738 tempore

264 3755 485 3846 grammaticam
508 3755 675 3814 hebraicam
698 3755 807 3816 docuit.

256 3821 263 3848 ⁸
344 3827 350 3846 ’
420 3842 533 3902 liudem
553 3845 686 3919 tempore
705 3842 797 3901 edidit
817 3839 943 3901 Lucianl
967 3829 1004 3900 de'
1027 3839 1176 3900 calumnia
1197 3843 1377 3914 oraticnem,
1402 3859 1525 3918 eamque
1547 3839 1657 3899 dicant
1678 3837 1844 3914 friderico,
1868 3837 2002 3920 Principi
2025 3837 2163 3898 Electori.

418 3928 457 3988 1).
483 3931 530 3989 15.
551 3925 617 3990 Oct.
640 3929 741 3990 scribit
762 3924 973 4009 Spalatiuode
995 3927 1101 3988 studiis
1126 3927 1204 3988 suist
1233 3925 1371 4004 ,Ducem
1392 3927 1424 3986 in
1453 3927 1636 4006 chalcotypis
1663 3925 1782 4000 laboro,
1810 3935 1843 3986 ut
1870 3925 1979 3986 habeat
2003 3925 2154 3996 inventust
2180 3917 2263 3980 audior

263 4021 294 4080 in
321 4017 469 4096 frequenti
498 4015 616 4088 schola,
645 4015 696 4075 ubi
722 4033 788 4076 sese
810 4023 955 4075 exerceat.
1000 4013 1065 4074 Iam
1087 4015 1242 4075 excuditur
1265 4009 1441 4091 p‘iztcscirl
1464 4009 1542 4098 πρὸς
1574 4011 1664 4074 Τίτον
1691 4015 1843 4092 (graecum
1872 4021 1987 4072 tentum
2018 4011 2131 4088 edidit)
2172 4005 2264 4068 Dittlt·

264 4105 378 4177 nariqm
401 4107 567 4182 (graecum)
590 4101 651 4162 fere
673 4097 862 4164 absolvimus.
906 4100 991 4181 (Non
1013 4102 1124 4180 prodiit
1144 4103 1176 4160 in
1198 4101 1320 4178 lucem.)
1340 4135 1382 4146 -
1405 4101 1561 4162 Accedunt
1580 4099 1749 4160 Rhetorica.
1770 4134 1815 4146 -
1835 4097 1966 4159 Posthac
1981 4097 2191 4179 philosophiam
2207 4095 2261 4172 pit

265 4190 410 4272 gabimus,
432 4195 467 4247 ut
487 4190 548 4268 apti
571 4189 609 4248 ad
630 4188 797 4267 theologica
817 4189 1001 4262 accedamus,
1022 4191 1054 4248 in
1075 4189 1193 4266 quibus,
1214 4189 1240 4250 si
1262 4186 1307 4274 uqi
1329 4183 1444 4274 dmtips
1465 4183 1544 4250 idne
1566 4187 1691 4266 placeat,
1711 4185 1845 4246 nonnihil
1870 4185 2031 4246 efficiemus
2053 4185 2149 4246 olim“

329 4341 332 4348 ,
419 4273 459 4336 D.
489 4275 536 4335 16.
559 4273 663 4336 Oratio
687 4277 723 4336 de
746 4275 927 4355 corrigendis
949 4275 1075 4336 adolesc.
1104 4275 1209 4336 studiis
1236 4273 1414 4354 Vitebergae
1440 4273 1612 4348 excuditur,
1638 4271 1830 4358 Beckmauno
1859 4273 1975 4348 dcam,
2003 4283 2032 4332 et
2060 4281 2143 4332 anea
2163 4270 2191 4328 iu
2216 4261 2262 4322 flsst

267 4365 396 4426 carmine
418 4381 527 4442 graeco
544 4347 575 4422 iu
596 4361 711 4440 laudem
727 4354 868 4432 ‚Lutlleri
1099 4438 1103 4446 Ι
2010 4388 2016 4396 ·

422 4449 526 4510 Mense
549 4447 628 4508 Nov.
653 4449 799 4528 praefatur
817 4451 848 4510 in
869 4449 1108 4512 Boscheusteinii
1129 4449 1350 4526 grammaticam
1373 4447 1454 4508 hebr.

424 4535 462 4596 D.
487 4538 536 4596 14.
555 4514 631 4596 lise.
652 4533 799 4598 liutherus
819 4537 858 4596 ad
880 4535 1091 4596 Reuchliuumt
1114 4569 1158 4578 -
1182 4533 1357 4616 ,Philippus
1379 4544 1479 4595 nomer
1505 4533 1734 4606 llelauchthon,
1763 4532 1853 4592 hoino
1882 4531 2079 4607 admirabilis,
2107 4529 2164 4592 ino
2186 4536 2261 4604 ptfflt

267 4625 342 4686 nihil
363 4623 486 4698 habem,
509 4623 588 4701 quod
611 4641 671 4683 non
692 4643 784 4703 supra
804 4624 953 4684 homiuem
970 4624 1019 4696 sit,
1041 4621 1291 4683 familiarissimus
1312 4631 1411 4683 tamen
1434 4621 1680 4682 ethmicissimus
1701 4619 1801 4680 mihi.“
2244 4691 2250 4704 Ι

425 4707 465 4772 D.
490 4709 538 4770 16.
562 4709 636 4770 Dec.
651 4711 811 4789 praedicat
833 4709 980 4788 Principis
1002 4707 1149 4770 Electoris
1169 4709 1417 4784 munificentiam,
1445 4707 1493 4768 vel
1520 4709 1600 4787 quod
1629 4709 1740 4768 donum
1767 4705 1805 4768 ab
1833 4724 1868 4766 ec
1897 4706 2026 4784 accepit,
2054 4704 2100 4764 vel
2129 4698 2199 4780 quod
2221 4701 2260 4752 tb-

269 4797 410 4878 pendium
432 4797 460 4856 ei
481 4807 599 4858 aunum
621 4796 685 4874 fuit,
707 4797 910 4876 promittitque
937 4797 1173 4858 udcudmimum
1202 4797 1345 4872 studium,
1363 4807 1396 4856 ut
1416 4796 1550 4856 docendo
1578 4795 1793 4872 seibeudcque
1823 4793 2001 4854 Aeadunias
2023 4791 2120 4852 vtab.
2147 4779 2260 4868 tplrfllt
2348 4798 2349 4853 1

268 4899 332 4946 rem
355 4893 470 4963 augeat

254 5067 266 5104 b

1119 5080 1276 5206 asso
1320 5088 1443 5206 tels.

257 5267 337 5382 ΙΙιιι.
412 5323 440 5382 5.
462 5317 589 5380 humo
610 5263 765 5394 seribitet
786 5329 917 5378 aranee
939 5315 1038 5376 suida
1056 5315 1245 5391 edumnism,
1266 5315 1345 5394 quod
1366 5326 1469 5376 natue
1490 5313 1633 5375 voluisset
1656 5313 1777 5374 husi
1794 5262 2021 5377 mutunus
2040 5313 2071 5376 iu
2092 5307 2130 5371 ll.
2147 5303 2180 5366 Τ.
