<?xml version="1.0" encoding="UTF-8"?>
<!DOCTYPE html PUBLIC "-//W3C//DTD XHTML 1.0 Transitional//EN"
    "http://www.w3.org/TR/xhtml1/DTD/xhtml1-transitional.dtd">
<html xmlns="http://www.w3.org/1999/xhtml" xml:lang="en" lang="en">
 <head>
  <title>
</title>
<meta http-equiv="Content-Type" content="text/html;charset=utf-8" />
  <meta name='ocr-system' content='tesseract 3.04.00' />
  <meta name='ocr-capabilities' content='ocr_page ocr_carea ocr_par ocr_line ocrx_word'/>
</head>
<body>
  <div class='ocr_page' id='page_1' title='image "./corpusreformati00bindgoog/corpusreformati00bindgoog_0363.png"; bbox 0 0 4724 6086; ppageno 0'>
   <div class='ocr_carea' id='block_1_1' title="bbox 96 317 1472 396">
    <p class='ocr_par' dir='ltr' id='par_1_1' title="bbox 96 317 1472 396">
     <span class='ocr_line' id='line_1_1' title="bbox 96 317 1472 396; baseline 0.001 -2"><span class='ocrx_word' id='word_1_1' title='bbox 96 325 135 394; x_wconf 90' lang='lat'>81</span> <span class='ocrx_word' id='word_1_2' title='bbox 565 329 571 342; x_wconf 90' lang='grc'><em>“</em></span> <span class='ocrx_word' id='word_1_3' title='bbox 882 319 910 394; x_wconf 88' lang='grc' dir='ltr'>Ι.</span> <span class='ocrx_word' id='word_1_4' title='bbox 953 317 1164 392; x_wconf 65' lang='lat' dir='ltr'>annm</span> <span class='ocrx_word' id='word_1_5' title='bbox 1185 321 1334 396; x_wconf 78' lang='lat' dir='ltr'>vrtsa</span> <span class='ocrx_word' id='word_1_6' title='bbox 1461 357 1472 380; x_wconf 92' lang='lat'><strong>·</strong></span> 
     </span>
    </p>
   </div>
   <div class='ocr_carea' id='block_1_2' title="bbox 92 513 1841 2150">
    <p class='ocr_par' dir='ltr' id='par_1_2' title="bbox 92 513 1841 2150">
     <span class='ocr_line' id='line_1_2' title="bbox 96 513 527 596; baseline -0.009 -18"><span class='ocrx_word' id='word_1_7' title='bbox 96 518 173 596; x_wconf 77' lang='lat' dir='ltr'>Aug.</span> <span class='ocrx_word' id='word_1_8' title='bbox 213 518 264 578; x_wconf 84' lang='lat' dir='ltr'>lb.</span> <span class='ocrx_word' id='word_1_9' title='bbox 286 513 418 578; x_wconf 87' lang='lat' dir='ltr'>Domum</span> <span class='ocrx_word' id='word_1_10' title='bbox 436 514 527 576; x_wconf 84' lang='lat' dir='ltr'>venit.</span> 
     </span>
     <span class='ocr_line' id='line_1_3' title="bbox 211 599 1034 679; baseline 0 -15"><span class='ocrx_word' id='word_1_11' title='bbox 211 605 261 664; x_wconf 88' lang='grc'>17.</span> <span class='ocrx_word' id='word_1_12' title='bbox 283 601 442 663; x_wconf 86' lang='lat' dir='ltr'>Theodoro</span> <span class='ocrx_word' id='word_1_13' title='bbox 464 599 567 662; x_wconf 90' lang='lat' dir='ltr'>scribit</span> <span class='ocrx_word' id='word_1_14' title='bbox 587 619 663 679; x_wconf 82' lang='lat' dir='ltr'>quac</span> <span class='ocrx_word' id='word_1_15' title='bbox 683 608 751 661; x_wconf 84' lang='lat' dir='ltr'>sota</span> <span class='ocrx_word' id='word_1_16' title='bbox 770 600 881 660; x_wconf 73' lang='lat' dir='ltr'>luerim</span> <span class='ocrx_word' id='word_1_17' title='bbox 901 599 1034 664; x_wconf 89' lang='lat' dir='ltr'>Bounae.</span> 
     </span>
     <span class='ocr_line' id='line_1_4' title="bbox 285 681 1061 750; baseline 0.003 -2"><span class='ocrx_word' id='word_1_18' title='bbox 285 687 403 748; x_wconf 87' lang='lat' dir='ltr'>Bellum</span> <span class='ocrx_word' id='word_1_19' title='bbox 419 689 496 748; x_wconf 83' lang='lat' dir='ltr'>inter</span> <span class='ocrx_word' id='word_1_20' title='bbox 517 681 678 750; x_wconf 81' lang='lat' dir='ltr'>Caesarem</span> <span class='ocrx_word' id='word_1_21' title='bbox 696 694 726 748; x_wconf 88' lang='lat' dir='ltr'>et</span> <span class='ocrx_word' id='word_1_22' title='bbox 747 686 861 748; x_wconf 86' lang='lat' dir='ltr'>Ducem</span> <span class='ocrx_word' id='word_1_23' title='bbox 882 685 1061 750; x_wconf 83' lang='lat' dir='ltr'>Olivensem.</span> 
     </span>
     <span class='ocr_line' id='line_1_5' title="bbox 209 770 924 853; baseline -0.003 -17"><span class='ocrx_word' id='word_1_24' title='bbox 209 775 261 836; x_wconf 95' lang='lat'>24.</span> <span class='ocrx_word' id='word_1_25' title='bbox 283 773 370 836; x_wconf 87' lang='lat' dir='ltr'>Dura</span> <span class='ocrx_word' id='word_1_26' title='bbox 390 775 420 834; x_wconf 89' lang='grc' dir='ltr'>ιι</span> <span class='ocrx_word' id='word_1_27' title='bbox 437 775 552 853; x_wconf 72' lang='lat' dir='ltr'>capium</span> <span class='ocrx_word' id='word_1_28' title='bbox 573 792 593 834; x_wconf 91' lang='lat' dir='ltr'>a</span> <span class='ocrx_word' id='word_1_29' title='bbox 613 773 757 834; x_wconf 72' lang='lat' dir='ltr'>militibus</span> <span class='ocrx_word' id='word_1_30' title='bbox 778 770 924 834; x_wconf 83' lang='lat' dir='ltr'>Caesaris</span> 
     </span>
     <span class='ocr_line' id='line_1_6' title="bbox 93 858 1417 943; baseline -0.001 -21"><span class='ocrx_word' id='word_1_31' title='bbox 93 859 174 943; x_wconf 84' lang='lat' dir='ltr'>Sept.</span> <span class='ocrx_word' id='word_1_32' title='bbox 231 863 260 922; x_wconf 89' lang='grc'>3.</span> <span class='ocrx_word' id='word_1_33' title='bbox 283 861 352 922; x_wconf 79' lang='grc' dir='ltr'><strong>ΜιΙ.</strong></span> <span class='ocrx_word' id='word_1_34' title='bbox 375 861 524 940; x_wconf 81' lang='lat' dir='ltr'>praefatur</span> <span class='ocrx_word' id='word_1_35' title='bbox 541 861 573 920; x_wconf 91' lang='lat' dir='ltr'>in</span> <span class='ocrx_word' id='word_1_36' title='bbox 594 859 716 920; x_wconf 85' lang='lat' dir='ltr'>librumr</span> <span class='ocrx_word' id='word_1_37' title='bbox 739 858 940 936; x_wconf 78' lang='lat' dir='ltr'>,Reformatio</span> <span class='ocrx_word' id='word_1_38' title='bbox 962 860 1115 924; x_wconf 70' lang='lat' dir='ltr'>Ecclesiae</span> <span class='ocrx_word' id='word_1_39' title='bbox 1136 859 1336 924; x_wconf 64' lang='grc' dir='ltr'>(ιιιοιιιιιιια</span> <span class='ocrx_word' id='word_1_40' title='bbox 1360 871 1417 924; x_wconf 89' lang='lat' dir='ltr'>etc.</span> 
     </span>
     <span class='ocr_line' id='line_1_7' title="bbox 233 945 951 1008; baseline -0.001 0"><span class='ocrx_word' id='word_1_41' title='bbox 233 948 263 1008; x_wconf 89' lang='grc'>6.</span> <span class='ocrx_word' id='word_1_42' title='bbox 285 945 333 1007; x_wconf 87' lang='lat' dir='ltr'>De</span> <span class='ocrx_word' id='word_1_43' title='bbox 355 967 450 1007; x_wconf 88' lang='lat' dir='ltr'>coena</span> <span class='ocrx_word' id='word_1_44' title='bbox 470 965 555 1008; x_wconf 76' lang='lat' dir='ltr'>secra</span> <span class='ocrx_word' id='word_1_45' title='bbox 571 947 674 1006; x_wconf 78' lang='lat' dir='ltr'>scribit</span> <span class='ocrx_word' id='word_1_46' title='bbox 693 946 732 1006; x_wconf 85' lang='lat' dir='ltr'>ad</span> <span class='ocrx_word' id='word_1_47' title='bbox 752 945 951 1008; x_wconf 84' lang='lat' dir='ltr'>Theodorum.</span> 
     </span>
     <span class='ocr_line' id='line_1_8' title="bbox 142 1025 960 1096; baseline -0.001 -1"><span class='ocrx_word' id='word_1_48' title='bbox 142 1025 146 1032; x_wconf 63' lang='grc'>’</span> <span class='ocrx_word' id='word_1_49' title='bbox 234 1037 263 1096; x_wconf 77' lang='lat' dir='ltr'>t.</span> <span class='ocrx_word' id='word_1_50' title='bbox 285 1034 351 1093; x_wconf 82' lang='lat' dir='ltr'>Pax</span> <span class='ocrx_word' id='word_1_51' title='bbox 373 1035 448 1094; x_wconf 89' lang='lat' dir='ltr'>inter</span> <span class='ocrx_word' id='word_1_52' title='bbox 469 1028 627 1094; x_wconf 80' lang='grc' dir='ltr'><strong>Οιιιιιιιι</strong></span> <span class='ocrx_word' id='word_1_53' title='bbox 648 1041 679 1092; x_wconf 88' lang='grc' dir='ltr'>ιι</span> <span class='ocrx_word' id='word_1_54' title='bbox 697 1029 811 1093; x_wconf 81' lang='lat' dir='ltr'>Ducem</span> <span class='ocrx_word' id='word_1_55' title='bbox 829 1027 960 1094; x_wconf 84' lang='lat' dir='ltr'>Olivens.</span> 
     </span>
     <span class='ocr_line' id='line_1_9' title="bbox 211 1117 1756 1201; baseline 0.001 -19"><span class='ocrx_word' id='word_1_56' title='bbox 211 1121 263 1182; x_wconf 91' lang='grc'>10.</span> <span class='ocrx_word' id='word_1_57' title='bbox 286 1120 356 1180; x_wconf 82' lang='lat' dir='ltr'>hiel.</span> <span class='ocrx_word' id='word_1_58' title='bbox 380 1119 555 1180; x_wconf 84' lang='lat' dir='ltr'>Bernhardo</span> <span class='ocrx_word' id='word_1_59' title='bbox 577 1119 724 1198; x_wconf 86' lang='lat' dir='ltr'>Zieglero,</span> <span class='ocrx_word' id='word_1_60' title='bbox 740 1119 883 1196; x_wconf 88' lang='lat' dir='ltr'>theologo</span> <span class='ocrx_word' id='word_1_61' title='bbox 904 1117 1001 1198; x_wconf 72' lang='lat' dir='ltr'>Lips,</span> <span class='ocrx_word' id='word_1_62' title='bbox 1022 1119 1124 1180; x_wconf 79' lang='lat' dir='ltr'>scribit</span> <span class='ocrx_word' id='word_1_63' title='bbox 1145 1121 1310 1182; x_wconf 87' lang='lat' dir='ltr'>orationem</span> <span class='ocrx_word' id='word_1_64' title='bbox 1331 1121 1363 1180; x_wconf 94' lang='lat' dir='ltr'>in</span> <span class='ocrx_word' id='word_1_65' title='bbox 1384 1122 1570 1200; x_wconf 81' lang='lat' dir='ltr'>promotione</span> <span class='ocrx_word' id='word_1_66' title='bbox 1590 1122 1756 1201; x_wconf 86' lang='lat' dir='ltr'>legendam.</span> 
     </span>
     <span class='ocr_line' id='line_1_10' title="bbox 92 1205 1841 1284; baseline 0.002 -16"><span class='ocrx_word' id='word_1_67' title='bbox 92 1205 159 1269; x_wconf 91' lang='lat' dir='ltr'>Oct.</span> <span class='ocrx_word' id='word_1_68' title='bbox 235 1209 265 1268; x_wconf 93' lang='grc'>3.</span> <span class='ocrx_word' id='word_1_69' title='bbox 288 1207 359 1267; x_wconf 93' lang='lat' dir='ltr'>Vito</span> <span class='ocrx_word' id='word_1_70' title='bbox 380 1205 539 1266; x_wconf 84' lang='lat' dir='ltr'>Theodoro</span> <span class='ocrx_word' id='word_1_71' title='bbox 562 1206 736 1266; x_wconf 87' lang='lat' dir='ltr'>sententiam</span> <span class='ocrx_word' id='word_1_72' title='bbox 758 1221 842 1266; x_wconf 85' lang='lat' dir='ltr'>suam</span> <span class='ocrx_word' id='word_1_73' title='bbox 862 1205 965 1265; x_wconf 86' lang='lat' dir='ltr'>scribit</span> <span class='ocrx_word' id='word_1_74' title='bbox 986 1205 1024 1264; x_wconf 92' lang='lat' dir='ltr'>de</span> <span class='ocrx_word' id='word_1_75' title='bbox 1045 1206 1233 1284; x_wconf 80' lang='lat' dir='ltr'>impositione</span> <span class='ocrx_word' id='word_1_76' title='bbox 1254 1223 1394 1268; x_wconf 90' lang='lat' dir='ltr'>manuum</span> <span class='ocrx_word' id='word_1_77' title='bbox 1416 1208 1504 1268; x_wconf 91' lang='lat' dir='ltr'>etde</span> <span class='ocrx_word' id='word_1_78' title='bbox 1527 1211 1841 1272; x_wconf 85' lang='lat' dir='ltr'>excommunicatione.</span> 
     </span>
     <span class='ocr_line' id='line_1_11' title="bbox 207 1291 1815 1370; baseline 0.004 -17"><span class='ocrx_word' id='word_1_79' title='bbox 207 1291 258 1354; x_wconf 91' lang='lat'>22.</span> <span class='ocrx_word' id='word_1_80' title='bbox 281 1293 369 1354; x_wconf 93' lang='lat' dir='ltr'>Vitus</span> <span class='ocrx_word' id='word_1_81' title='bbox 389 1291 604 1352; x_wconf 70' lang='lat' dir='ltr'>amerbachius</span> <span class='ocrx_word' id='word_1_82' title='bbox 627 1291 805 1370; x_wconf 84' lang='lat' dir='ltr'>Vitebergae</span> <span class='ocrx_word' id='word_1_83' title='bbox 825 1291 892 1352; x_wconf 88' lang='lat' dir='ltr'>lites</span> <span class='ocrx_word' id='word_1_84' title='bbox 915 1300 1013 1352; x_wconf 86' lang='lat' dir='ltr'>movet</span> <span class='ocrx_word' id='word_1_85' title='bbox 1034 1293 1175 1354; x_wconf 86' lang='lat' dir='ltr'>adversus</span> <span class='ocrx_word' id='word_1_86' title='bbox 1198 1293 1419 1356; x_wconf 82' lang='lat' dir='ltr'>Melanthouem</span> <span class='ocrx_word' id='word_1_87' title='bbox 1439 1295 1471 1354; x_wconf 93' lang='lat' dir='ltr'>in</span> <span class='ocrx_word' id='word_1_88' title='bbox 1494 1295 1629 1357; x_wconf 86' lang='lat' dir='ltr'>doctriua</span> <span class='ocrx_word' id='word_1_89' title='bbox 1646 1297 1684 1358; x_wconf 88' lang='lat' dir='ltr'>de</span> <span class='ocrx_word' id='word_1_90' title='bbox 1706 1299 1815 1360; x_wconf 85' lang='lat' dir='ltr'>anima.</span> 
     </span>
     <span class='ocr_line' id='line_1_12' title="bbox 205 1378 1355 1442; baseline 0.002 -2"><span class='ocrx_word' id='word_1_91' title='bbox 205 1379 257 1440; x_wconf 85' lang='lat'>25.</span> <span class='ocrx_word' id='word_1_92' title='bbox 281 1380 383 1440; x_wconf 85' lang='lat' dir='ltr'>hlonet</span> <span class='ocrx_word' id='word_1_93' title='bbox 403 1378 593 1438; x_wconf 84' lang='lat' dir='ltr'>Theodorum</span> <span class='ocrx_word' id='word_1_94' title='bbox 614 1379 815 1440; x_wconf 82' lang='lat' dir='ltr'>reaccendat</span> <span class='ocrx_word' id='word_1_95' title='bbox 836 1379 1066 1440; x_wconf 86' lang='lat' dir='ltr'>controversiam</span> <span class='ocrx_word' id='word_1_96' title='bbox 1087 1379 1124 1440; x_wconf 92' lang='lat' dir='ltr'>de</span> <span class='ocrx_word' id='word_1_97' title='bbox 1146 1397 1239 1439; x_wconf 88' lang='lat' dir='ltr'>coena</span> <span class='ocrx_word' id='word_1_98' title='bbox 1260 1398 1355 1442; x_wconf 86' lang='lat' dir='ltr'>sacra.</span> 
     </span>
     <span class='ocr_line' id='line_1_13' title="bbox 92 1463 1811 1548; baseline 0.001 -20"><span class='ocrx_word' id='word_1_99' title='bbox 92 1463 169 1528; x_wconf 80' lang='lat' dir='ltr'>Nou.</span> <span class='ocrx_word' id='word_1_100' title='bbox 228 1466 258 1526; x_wconf 97' lang='lat'>4.</span> <span class='ocrx_word' id='word_1_101' title='bbox 281 1465 396 1526; x_wconf 84' lang='lat' dir='ltr'>Bucero</span> <span class='ocrx_word' id='word_1_102' title='bbox 418 1463 520 1524; x_wconf 87' lang='lat' dir='ltr'>scribit</span> <span class='ocrx_word' id='word_1_103' title='bbox 541 1466 578 1524; x_wconf 91' lang='lat' dir='ltr'>de</span> <span class='ocrx_word' id='word_1_104' title='bbox 597 1465 673 1525; x_wconf 88' lang='lat' dir='ltr'>rixis</span> <span class='ocrx_word' id='word_1_105' title='bbox 693 1465 897 1542; x_wconf 79' lang='lat' dir='ltr'>theologorum</span> <span class='ocrx_word' id='word_1_106' title='bbox 919 1464 957 1524; x_wconf 90' lang='lat' dir='ltr'>de</span> <span class='ocrx_word' id='word_1_107' title='bbox 978 1483 1074 1525; x_wconf 88' lang='lat' dir='ltr'>coena</span> <span class='ocrx_word' id='word_1_108' title='bbox 1095 1484 1129 1540; x_wconf 87' lang='grc' dir='ltr'>ι</span> <span class='ocrx_word' id='word_1_109' title='bbox 1152 1473 1182 1525; x_wconf 89' lang='grc' dir='ltr'>ιι</span> <span class='ocrx_word' id='word_1_110' title='bbox 1201 1467 1239 1526; x_wconf 88' lang='lat' dir='ltr'>de</span> <span class='ocrx_word' id='word_1_111' title='bbox 1259 1466 1430 1548; x_wconf 85' lang='lat' dir='ltr'>Principum</span> <span class='ocrx_word' id='word_1_112' title='bbox 1450 1469 1616 1528; x_wconf 86' lang='lat' dir='ltr'>temeritate</span> <span class='ocrx_word' id='word_1_113' title='bbox 1637 1477 1667 1529; x_wconf 92' lang='lat' dir='ltr'>et</span> <span class='ocrx_word' id='word_1_114' title='bbox 1686 1469 1811 1532; x_wconf 72' lang='lat' dir='ltr'>incuria</span> 
     </span>
     <span class='ocr_line' id='line_1_14' title="bbox 284 1549 1560 1634; baseline 0.004 -23"><span class='ocrx_word' id='word_1_115' title='bbox 284 1551 425 1611; x_wconf 79' lang='lat' dir='ltr'>Mandata</span> <span class='ocrx_word' id='word_1_116' title='bbox 446 1549 535 1610; x_wconf 86' lang='lat' dir='ltr'>habet</span> <span class='ocrx_word' id='word_1_117' title='bbox 555 1571 574 1611; x_wconf 90' lang='lat' dir='ltr'>a</span> <span class='ocrx_word' id='word_1_118' title='bbox 595 1549 680 1612; x_wconf 82' lang='lat' dir='ltr'>Duce</span> <span class='ocrx_word' id='word_1_119' title='bbox 702 1551 850 1625; x_wconf 86' lang='lat' dir='ltr'>Prussiae,</span> <span class='ocrx_word' id='word_1_120' title='bbox 872 1559 906 1609; x_wconf 95' lang='lat' dir='ltr'>ut</span> <span class='ocrx_word' id='word_1_121' title='bbox 923 1551 1060 1611; x_wconf 89' lang='lat' dir='ltr'>doctores</span> <span class='ocrx_word' id='word_1_122' title='bbox 1082 1553 1208 1612; x_wconf 88' lang='lat' dir='ltr'>mittat</span> <span class='ocrx_word' id='word_1_123' title='bbox 1199 1572 1230 1612; x_wconf 90' lang='grc' dir='ltr'>ιι</span> <span class='ocrx_word' id='word_1_124' title='bbox 1253 1555 1347 1614; x_wconf 82' lang='lat' dir='ltr'>Acad.</span> <span class='ocrx_word' id='word_1_125' title='bbox 1371 1553 1560 1634; x_wconf 81' lang='lat' dir='ltr'>Reginmont</span> 
     </span>
     <span class='ocr_line' id='line_1_15' title="bbox 230 1637 947 1700; baseline -0.003 -1"><span class='ocrx_word' id='word_1_126' title='bbox 230 1639 259 1699; x_wconf 83' lang='lat' dir='ltr'><strong>V.</strong></span> <span class='ocrx_word' id='word_1_127' title='bbox 282 1637 474 1698; x_wconf 87' lang='lat' dir='ltr'>Rocnduntur</span> <span class='ocrx_word' id='word_1_128' title='bbox 495 1637 566 1698; x_wconf 87' lang='lat' dir='ltr'>Mel.</span> <span class='ocrx_word' id='word_1_129' title='bbox 584 1647 745 1698; x_wconf 85' lang='lat' dir='ltr'>crotemata</span> <span class='ocrx_word' id='word_1_130' title='bbox 766 1637 947 1700; x_wconf 80' lang='lat' dir='ltr'>dialectices.</span> 
     </span>
     <span class='ocr_line' id='line_1_16' title="bbox 207 1721 1286 1788; baseline 0.003 -4"><span class='ocrx_word' id='word_1_131' title='bbox 207 1725 260 1786; x_wconf 92' lang='lat'>12.</span> <span class='ocrx_word' id='word_1_132' title='bbox 283 1725 482 1784; x_wconf 83' lang='lat' dir='ltr'>lluarratnrus</span> <span class='ocrx_word' id='word_1_133' title='bbox 504 1731 549 1784; x_wconf 90' lang='lat' dir='ltr'>est</span> <span class='ocrx_word' id='word_1_134' title='bbox 569 1723 635 1784; x_wconf 91' lang='lat' dir='ltr'>libr.</span> <span class='ocrx_word' id='word_1_135' title='bbox 659 1723 696 1786; x_wconf 90' lang='lat' dir='ltr'><strong>V.</strong></span> <span class='ocrx_word' id='word_1_136' title='bbox 718 1723 891 1784; x_wconf 80' lang='lat' dir='ltr'>llthicorum</span> <span class='ocrx_word' id='word_1_137' title='bbox 913 1721 1083 1784; x_wconf 82' lang='lat' dir='ltr'>Aristotelis</span> <span class='ocrx_word' id='word_1_138' title='bbox 1101 1725 1138 1784; x_wconf 91' lang='lat' dir='ltr'>de</span> <span class='ocrx_word' id='word_1_139' title='bbox 1156 1725 1286 1788; x_wconf 85' lang='lat' dir='ltr'>iustitis.</span> 
     </span>
     <span class='ocr_line' id='line_1_17' title="bbox 208 1809 1810 1892; baseline 0.004 -22"><span class='ocrx_word' id='word_1_140' title='bbox 208 1811 261 1872; x_wconf 90' lang='grc'>19</span> <span class='ocrx_word' id='word_1_141' title='bbox 284 1811 456 1870; x_wconf 79' lang='lat' dir='ltr'>Mandatum</span> <span class='ocrx_word' id='word_1_142' title='bbox 477 1811 585 1888; x_wconf 81' lang='lat' dir='ltr'>schpit</span> <span class='ocrx_word' id='word_1_143' title='bbox 605 1829 625 1868; x_wconf 88' lang='lat' dir='ltr'>a</span> <span class='ocrx_word' id='word_1_144' title='bbox 645 1811 694 1870; x_wconf 92' lang='lat' dir='ltr'>Pr.</span> <span class='ocrx_word' id='word_1_145' title='bbox 716 1809 862 1883; x_wconf 79' lang='lat' dir='ltr'>Electore,</span> <span class='ocrx_word' id='word_1_146' title='bbox 883 1817 917 1868; x_wconf 92' lang='grc' dir='ltr'>ιι</span> <span class='ocrx_word' id='word_1_147' title='bbox 937 1819 1075 1888; x_wconf 83' lang='lat' dir='ltr'>paretes</span> <span class='ocrx_word' id='word_1_148' title='bbox 1096 1811 1135 1871; x_wconf 90' lang='lat' dir='ltr'>ad</span> <span class='ocrx_word' id='word_1_149' title='bbox 1155 1812 1213 1872; x_wconf 89' lang='lat' dir='ltr'>iter</span> <span class='ocrx_word' id='word_1_150' title='bbox 1234 1809 1352 1892; x_wconf 84' lang='lat' dir='ltr'>Spiram</span> <span class='ocrx_word' id='word_1_151' title='bbox 1369 1811 1537 1874; x_wconf 83' lang='lat' dir='ltr'>laciendum</span> <span class='ocrx_word' id='word_1_152' title='bbox 1557 1813 1597 1876; x_wconf 89' lang='lat' dir='ltr'>ad</span> <span class='ocrx_word' id='word_1_153' title='bbox 1618 1822 1810 1876; x_wconf 73' lang='lat' dir='ltr'>conventum·</span> 
     </span>
     <span class='ocr_line' id='line_1_18' title="bbox 283 1883 1174 1974; baseline 0.001 -17"><span class='ocrx_word' id='word_1_154' title='bbox 283 1883 370 1958; x_wconf 86' lang='lat' dir='ltr'>Vltus</span> <span class='ocrx_word' id='word_1_155' title='bbox 392 1895 607 1958; x_wconf 81' lang='lat' dir='ltr'>Amerbachius</span> <span class='ocrx_word' id='word_1_156' title='bbox 628 1895 789 1974; x_wconf 82' lang='lat' dir='ltr'>Viteberga</span> <span class='ocrx_word' id='word_1_157' title='bbox 811 1896 964 1956; x_wconf 83' lang='lat' dir='ltr'>discedit</span> <span class='ocrx_word' id='word_1_158' title='bbox 954 1916 987 1956; x_wconf 90' lang='lat' dir='ltr'>ru</span> <span class='ocrx_word' id='word_1_159' title='bbox 1004 1895 1174 1960; x_wconf 85' lang='lat' dir='ltr'>Bavariam.</span> 
     </span>
     <span class='ocr_line' id='line_1_19' title="bbox 208 1979 1047 2062; baseline 0.002 -20"><span class='ocrx_word' id='word_1_160' title='bbox 208 1982 259 2044; x_wconf 88' lang='lat'>29.</span> <span class='ocrx_word' id='word_1_161' title='bbox 283 1981 717 2062; x_wconf 83' lang='lat' dir='ltr'>ilelqueriturdemoribus</span> <span class='ocrx_word' id='word_1_162' title='bbox 737 1979 850 2056; x_wconf 81' lang='lat' dir='ltr'>Sabini,</span> <span class='ocrx_word' id='word_1_163' title='bbox 868 1983 972 2061; x_wconf 91' lang='lat' dir='ltr'>generi</span> <span class='ocrx_word' id='word_1_164' title='bbox 991 1983 1047 2044; x_wconf 88' lang='lat' dir='ltr'>sui.</span> 
     </span>
     <span class='ocr_line' id='line_1_20' title="bbox 94 2066 1479 2150; baseline 0.004 -22"><span class='ocrx_word' id='word_1_165' title='bbox 94 2066 164 2130; x_wconf 88' lang='lat' dir='ltr'>Dec.</span> <span class='ocrx_word' id='word_1_166' title='bbox 227 2070 261 2130; x_wconf 94' lang='lat'>9.</span> <span class='ocrx_word' id='word_1_167' title='bbox 283 2067 433 2150; x_wconf 87' lang='lat' dir='ltr'>Scriptum</span> <span class='ocrx_word' id='word_1_168' title='bbox 455 2069 526 2130; x_wconf 87' lang='lat' dir='ltr'>hlal.</span> <span class='ocrx_word' id='word_1_169' title='bbox 548 2069 747 2148; x_wconf 86' lang='lat' dir='ltr'>germanicum</span> <span class='ocrx_word' id='word_1_170' title='bbox 770 2069 808 2128; x_wconf 90' lang='lat' dir='ltr'>ds</span> <span class='ocrx_word' id='word_1_171' title='bbox 830 2069 1001 2130; x_wconf 79' lang='lat' dir='ltr'>dIscrImIne</span> <span class='ocrx_word' id='word_1_172' title='bbox 1023 2069 1089 2130; x_wconf 82' lang='lat' dir='ltr'>Vct.</span> <span class='ocrx_word' id='word_1_173' title='bbox 1111 2077 1143 2130; x_wconf 89' lang='lat' dir='ltr'>et</span> <span class='ocrx_word' id='word_1_174' title='bbox 1163 2067 1246 2130; x_wconf 83' lang='grc' dir='ltr'><strong>Νοιι</strong></span> <span class='ocrx_word' id='word_1_175' title='bbox 1266 2070 1349 2132; x_wconf 86' lang='grc' dir='ltr'><strong>Τιιι.</strong></span> <span class='ocrx_word' id='word_1_176' title='bbox 1370 2071 1479 2150; x_wconf 86' lang='lat' dir='ltr'>prodit.</span> 
     </span>
    </p>
   </div>
   <div class='ocr_carea' id='block_1_3' title="bbox 207 2151 2122 2304">
    <p class='ocr_par' dir='ltr' id='par_1_3' title="bbox 207 2151 2122 2304">
     <span class='ocr_line' id='line_1_21' title="bbox 207 2151 2122 2270; baseline 0.003 -53"><span class='ocrx_word' id='word_1_177' title='bbox 207 2156 260 2217; x_wconf 89' lang='grc'>10.</span> <span class='ocrx_word' id='word_1_178' title='bbox 283 2151 410 2216; x_wconf 82' lang='lat' dir='ltr'>Carolus</span> <span class='ocrx_word' id='word_1_179' title='bbox 432 2155 507 2234; x_wconf 90' lang='lat' dir='ltr'>Imp.</span> <span class='ocrx_word' id='word_1_180' title='bbox 529 2157 636 2216; x_wconf 86' lang='lat' dir='ltr'>inritat</span> <span class='ocrx_word' id='word_1_181' title='bbox 657 2155 772 2216; x_wconf 91' lang='lat' dir='ltr'>Ducem</span> <span class='ocrx_word' id='word_1_182' title='bbox 793 2152 865 2217; x_wconf 86' lang='lat' dir='ltr'>Ssx.</span> <span class='ocrx_word' id='word_1_183' title='bbox 888 2153 983 2216; x_wconf 78' lang='lat' dir='ltr'>Elect.</span> <span class='ocrx_word' id='word_1_184' title='bbox 1007 2164 1037 2216; x_wconf 92' lang='lat' dir='ltr'>et</span> <span class='ocrx_word' id='word_1_185' title='bbox 1056 2153 1277 2268; x_wconf 80' lang='lat' dir='ltr'>Landgrarium</span> <span class='ocrx_word' id='word_1_186' title='bbox 1298 2155 1445 2234; x_wconf 86' lang='lat' dir='ltr'>Hassiae,</span> <span class='ocrx_word' id='word_1_187' title='bbox 1469 2157 1531 2218; x_wconf 87' lang='lat' dir='ltr'>nt&#39;</span> <span class='ocrx_word' id='word_1_188' title='bbox 1521 2158 1580 2238; x_wconf 85' lang='lat' dir='ltr'>rpsi</span> <span class='ocrx_word' id='word_1_189' title='bbox 1596 2157 1719 2218; x_wconf 83' lang='lat' dir='ltr'>veniant</span> <span class='ocrx_word' id='word_1_190' title='bbox 1744 2157 1778 2218; x_wconf 87' lang='lat' dir='ltr'>in</span> <span class='ocrx_word' id='word_1_191' title='bbox 1799 2163 1976 2270; x_wconf 81' lang='lat' dir='ltr'>conventum</span> <span class='ocrx_word' id='word_1_192' title='bbox 1996 2155 2122 2238; x_wconf 82' lang='lat' dir='ltr'>spiren·</span> 
     </span>
     <span class='ocr_line' id='line_1_22' title="bbox 318 2241 947 2304; baseline 0.002 -3"><span class='ocrx_word' id='word_1_193' title='bbox 318 2242 433 2301; x_wconf 88' lang='lat' dir='ltr'>semd.</span> <span class='ocrx_word' id='word_1_194' title='bbox 459 2241 596 2303; x_wconf 78' lang='lat' dir='ltr'><strong>10.1m.</strong></span> <span class='ocrx_word' id='word_1_195' title='bbox 624 2243 715 2303; x_wconf 89' lang='grc'><strong>1544.</strong></span> <span class='ocrx_word' id='word_1_196' title='bbox 739 2241 947 2304; x_wconf 78' lang='lat' dir='ltr'>habendum·</span> 
     </span>
    </p>
   </div>
   <div class='ocr_carea' id='block_1_4' title="bbox 205 2325 1553 2477">
    <p class='ocr_par' dir='ltr' id='par_1_4' title="bbox 205 2325 1553 2477">
     <span class='ocr_line' id='line_1_23' title="bbox 205 2325 1553 2410; baseline 0.003 -22"><span class='ocrx_word' id='word_1_197' title='bbox 205 2327 261 2390; x_wconf 85' lang='lat'>25.</span> <span class='ocrx_word' id='word_1_198' title='bbox 285 2327 376 2388; x_wconf 81' lang='lat' dir='ltr'>Mittit</span> <span class='ocrx_word' id='word_1_199' title='bbox 395 2327 555 2390; x_wconf 85' lang='lat' dir='ltr'>Theodoro</span> <span class='ocrx_word' id='word_1_200' title='bbox 576 2327 820 2406; x_wconf 80' lang='lat' dir='ltr'>praelationem</span> <span class='ocrx_word' id='word_1_201' title='bbox 811 2347 842 2387; x_wconf 91' lang='lat' dir='ltr'>m</span> <span class='ocrx_word' id='word_1_202' title='bbox 863 2325 989 2388; x_wconf 86' lang='lat' dir='ltr'>Lutheri</span> <span class='ocrx_word' id='word_1_203' title='bbox 1011 2329 1228 2390; x_wconf 74' lang='lat' dir='ltr'>enarrationem</span> <span class='ocrx_word' id='word_1_204' title='bbox 1250 2329 1339 2410; x_wconf 91' lang='lat' dir='ltr'>primi</span> <span class='ocrx_word' id='word_1_205' title='bbox 1359 2329 1456 2392; x_wconf 87' lang='grc' dir='ltr'><strong>Μοιιι</strong></span> <span class='ocrx_word' id='word_1_206' title='bbox 1476 2327 1553 2392; x_wconf 87' lang='lat' dir='ltr'>libri.</span> 
     </span>
     <span class='ocr_line' id='line_1_24' title="bbox 284 2411 1101 2477; baseline 0.004 -3"><span class='ocrx_word' id='word_1_207' title='bbox 284 2413 353 2474; x_wconf 89' lang='grc' dir='ltr'>Ηοι</span> <span class='ocrx_word' id='word_1_208' title='bbox 375 2433 454 2476; x_wconf 93' lang='lat' dir='ltr'>auno</span> <span class='ocrx_word' id='word_1_209' title='bbox 477 2415 626 2474; x_wconf 86' lang='grc' dir='ltr'><strong>ιιιιιιιιι</strong></span> <span class='ocrx_word' id='word_1_210' title='bbox 645 2414 677 2473; x_wconf 92' lang='lat' dir='ltr'>in</span> <span class='ocrx_word' id='word_1_211' title='bbox 694 2413 797 2474; x_wconf 87' lang='lat' dir='ltr'>schola</span> <span class='ocrx_word' id='word_1_212' title='bbox 814 2411 940 2474; x_wconf 84' lang='lat' dir='ltr'>Homeri</span> <span class='ocrx_word' id='word_1_213' title='bbox 961 2415 1101 2477; x_wconf 84' lang='lat' dir='ltr'>carmina.</span> 
     </span>
    </p>
   </div>
   <div class='ocr_carea' id='block_1_5' title="bbox 284 2499 913 2580">
    <p class='ocr_par' dir='ltr' id='par_1_5' title="bbox 284 2499 913 2580">
     <span class='ocr_line' id='line_1_25' title="bbox 284 2499 913 2580; baseline 0.003 -20"><span class='ocrx_word' id='word_1_214' title='bbox 284 2500 387 2562; x_wconf 78' lang='lat' dir='ltr'>Edidit</span> <span class='ocrx_word' id='word_1_215' title='bbox 408 2500 506 2562; x_wconf 90' lang='lat' dir='ltr'>denno</span> <span class='ocrx_word' id='word_1_216' title='bbox 528 2499 739 2570; x_wconf 68' lang='lat' dir='ltr'>catechismum</span> <span class='ocrx_word' id='word_1_217' title='bbox 760 2499 913 2580; x_wconf 83' lang='lat' dir='ltr'>puerilem.</span> 
     </span>
    </p>
   </div>
   <div class='ocr_carea' id='block_1_6' title="bbox 893 2651 1269 2770">
    <p class='ocr_par' dir='ltr' id='par_1_6' title="bbox 893 2651 1269 2770">
     <span class='ocr_line' id='line_1_26' title="bbox 893 2651 1269 2770; baseline 0 0"><span class='ocrx_word' id='word_1_218' title='bbox 893 2651 896 2660; x_wconf 37' lang='lat'><strong><em>⁴</em></strong></span> <span class='ocrx_word' id='word_1_219' title='bbox 937 2701 1097 2770; x_wconf 83' lang='grc' dir='ltr'><strong>ιιιιιο</strong></span> <span class='ocrx_word' id='word_1_220' title='bbox 1139 2703 1269 2770; x_wconf 74' lang='lat' dir='ltr'>unta</span> 
     </span>
    </p>
   </div>
   <div class='ocr_carea' id='block_1_7' title="bbox 96 2841 2212 5346">
    <p class='ocr_par' dir='ltr' id='par_1_7' title="bbox 96 2841 2212 5346">
     <span class='ocr_line' id='line_1_27' title="bbox 96 2841 732 2924; baseline 0 -18"><span class='ocrx_word' id='word_1_221' title='bbox 96 2841 154 2906; x_wconf 81' lang='lat' dir='ltr'>lm.</span> <span class='ocrx_word' id='word_1_222' title='bbox 230 2845 262 2906; x_wconf 94' lang='lat'>1.</span> <span class='ocrx_word' id='word_1_223' title='bbox 285 2843 355 2904; x_wconf 85' lang='lat' dir='ltr'>blel.</span> <span class='ocrx_word' id='word_1_224' title='bbox 376 2841 510 2924; x_wconf 88' lang='lat' dir='ltr'>Lipsiam</span> <span class='ocrx_word' id='word_1_225' title='bbox 527 2845 732 2924; x_wconf 81' lang='lat' dir='ltr'>proficiscitur.</span> 
     </span>
     <span class='ocr_line' id='line_1_28' title="bbox 226 2925 1809 3010; baseline 0.001 -20"><span class='ocrx_word' id='word_1_226' title='bbox 226 2931 263 2990; x_wconf 84' lang='lat'>4.</span> <span class='ocrx_word' id='word_1_227' title='bbox 285 2929 356 2990; x_wconf 82' lang='lat' dir='ltr'>hiel.</span> <span class='ocrx_word' id='word_1_228' title='bbox 381 2939 411 2990; x_wconf 91' lang='lat' dir='ltr'>et</span> <span class='ocrx_word' id='word_1_229' title='bbox 433 2927 602 2992; x_wconf 88' lang='lat' dir='ltr'>Inachimus</span> <span class='ocrx_word' id='word_1_230' title='bbox 624 2927 811 2992; x_wconf 83' lang='lat' dir='ltr'>Camerarius</span> <span class='ocrx_word' id='word_1_231' title='bbox 832 2931 1037 2992; x_wconf 88' lang='lat' dir='ltr'>commendant</span> <span class='ocrx_word' id='word_1_232' title='bbox 1058 2925 1222 3010; x_wconf 76' lang='lat' dir='ltr'>Georgium</span> <span class='ocrx_word' id='word_1_233' title='bbox 1244 2927 1387 2992; x_wconf 81' lang='lat' dir='ltr'>Sabinum</span> <span class='ocrx_word' id='word_1_234' title='bbox 1408 2930 1535 2992; x_wconf 78' lang='lat' dir='ltr'>Albcrto</span> <span class='ocrx_word' id='word_1_235' title='bbox 1557 2929 1636 2992; x_wconf 89' lang='lat' dir='ltr'>Duci</span> <span class='ocrx_word' id='word_1_236' title='bbox 1657 2929 1809 2992; x_wconf 88' lang='lat' dir='ltr'>Prussiae.</span> 
     </span>
     <span class='ocr_line' id='line_1_29' title="bbox 171 3013 1849 3110; baseline -0.001 -30"><span class='ocrx_word' id='word_1_237' title='bbox 171 3019 189 3080; x_wconf 76' lang='lat'><strong>7</strong></span> <span class='ocrx_word' id='word_1_238' title='bbox 212 3035 264 3096; x_wconf 88' lang='lat' dir='ltr'>sq.</span> <span class='ocrx_word' id='word_1_239' title='bbox 287 3016 454 3098; x_wconf 85' lang='lat' dir='ltr'>Philippus,</span> <span class='ocrx_word' id='word_1_240' title='bbox 477 3016 679 3079; x_wconf 79' lang='lat' dir='ltr'>Melanthouis</span> <span class='ocrx_word' id='word_1_241' title='bbox 699 3019 789 3092; x_wconf 89' lang='lat' dir='ltr'>lilius,</span> <span class='ocrx_word' id='word_1_242' title='bbox 810 3018 994 3078; x_wconf 89' lang='lat' dir='ltr'>clandestina</span> <span class='ocrx_word' id='word_1_243' title='bbox 1014 3017 1167 3110; x_wconf 80' lang='lat' dir='ltr'>sponsalis</span> <span class='ocrx_word' id='word_1_244' title='bbox 1186 3017 1275 3078; x_wconf 91' lang='lat' dir='ltr'>habet</span> <span class='ocrx_word' id='word_1_245' title='bbox 1297 3036 1364 3080; x_wconf 88' lang='lat' dir='ltr'>cum</span> <span class='ocrx_word' id='word_1_246' title='bbox 1385 3017 1486 3098; x_wconf 77' lang='lat' dir='ltr'>puella</span> <span class='ocrx_word' id='word_1_247' title='bbox 1505 3017 1694 3098; x_wconf 79' lang='lat' dir='ltr'>Margaretha</span> <span class='ocrx_word' id='word_1_248' title='bbox 1711 3013 1849 3079; x_wconf 81' lang='lat' dir='ltr'>Kr&#39;rli&#39;ner.</span> 
     </span>
     <span class='ocr_line' id='line_1_30' title="bbox 206 3062 904 3166; baseline -0.003 0"><span class='ocrx_word' id='word_1_249' title='bbox 206 3103 354 3166; x_wconf 82' lang='grc' dir='ltr'><strong>16.11ι1.</strong></span> <span class='ocrx_word' id='word_1_250' title='bbox 375 3103 467 3164; x_wconf 88' lang='lat' dir='ltr'>mittit</span> <span class='ocrx_word' id='word_1_251' title='bbox 487 3104 652 3165; x_wconf 87' lang='lat' dir='ltr'>orationem</span> <span class='ocrx_word' id='word_1_252' title='bbox 674 3105 712 3165; x_wconf 92' lang='lat' dir='ltr'>de</span> <span class='ocrx_word' id='word_1_253' title='bbox 733 3062 904 3166; x_wconf 79' lang='lat' dir='ltr'>Aristotele.</span> 
     </span>
     <span class='ocr_line' id='line_1_31' title="bbox 204 3187 1113 3291; baseline -0.002 -38.954"><span class='ocrx_word' id='word_1_254' title='bbox 204 3191 260 3254; x_wconf 93' lang='grc'>1.8</span> <span class='ocrx_word' id='word_1_255' title='bbox 282 3189 415 3252; x_wconf 79' lang='lat' dir='ltr'>Thomas</span> <span class='ocrx_word' id='word_1_256' title='bbox 435 3187 634 3291; x_wconf 74' lang='lat' dir='ltr'>Naugeprgus</span> <span class='ocrx_word' id='word_1_257' title='bbox 655 3190 738 3252; x_wconf 87' lang='lat' dir='ltr'>litem</span> <span class='ocrx_word' id='word_1_258' title='bbox 759 3201 858 3251; x_wconf 86' lang='lat' dir='ltr'>mouet</span> <span class='ocrx_word' id='word_1_259' title='bbox 878 3191 1020 3250; x_wconf 87' lang='lat' dir='ltr'>adversus</span> <span class='ocrx_word' id='word_1_260' title='bbox 1042 3189 1113 3252; x_wconf 88' lang='lat' dir='ltr'>hlel.</span> 
     </span>
     <span class='ocr_line' id='line_1_32' title="bbox 284 3272 2123 3356; baseline -0.001 -20"><span class='ocrx_word' id='word_1_261' title='bbox 284 3275 355 3336; x_wconf 88' lang='lat' dir='ltr'>llal.</span> <span class='ocrx_word' id='word_1_262' title='bbox 377 3275 551 3356; x_wconf 78' lang='lat' dir='ltr'>presistio</span> <span class='ocrx_word' id='word_1_263' title='bbox 541 3296 574 3336; x_wconf 91' lang='grc' dir='ltr'>ιι</span> <span class='ocrx_word' id='word_1_264' title='bbox 595 3277 836 3338; x_wconf 86' lang='lat' dir='ltr'>commentarium</span> <span class='ocrx_word' id='word_1_265' title='bbox 856 3273 1013 3338; x_wconf 83' lang='lat' dir='ltr'>Lutheri</span> <span class='ocrx_word' id='word_1_266' title='bbox 1003 3295 1035 3336; x_wconf 91' lang='lat' dir='ltr'>m</span> <span class='ocrx_word' id='word_1_267' title='bbox 1054 3277 1183 3356; x_wconf 91' lang='lat' dir='ltr'>primum</span> <span class='ocrx_word' id='word_1_268' title='bbox 1209 3275 1318 3338; x_wconf 90' lang='lat' dir='ltr'>librum</span> <span class='ocrx_word' id='word_1_269' title='bbox 1336 3275 1433 3338; x_wconf 82' lang='lat' dir='ltr'>blesis</span> <span class='ocrx_word' id='word_1_270' title='bbox 1453 3275 1589 3338; x_wconf 82' lang='lat' dir='ltr'>absoluta</span> <span class='ocrx_word' id='word_1_271' title='bbox 1608 3283 1663 3338; x_wconf 91' lang='lat' dir='ltr'>est.</span> <span class='ocrx_word' id='word_1_272' title='bbox 1685 3272 1778 3356; x_wconf 80' lang='lat' dir='ltr'>(Coll.</span> <span class='ocrx_word' id='word_1_273' title='bbox 1797 3294 1844 3354; x_wconf 84' lang='lat' dir='ltr'>ep.</span> <span class='ocrx_word' id='word_1_274' title='bbox 1866 3274 1897 3334; x_wconf 93' lang='lat' dir='ltr'>d.</span> <span class='ocrx_word' id='word_1_275' title='bbox 1915 3273 1944 3336; x_wconf 86' lang='lat' dir='ltr'>d</span> <span class='ocrx_word' id='word_1_276' title='bbox 1967 3275 1998 3334; x_wconf 89' lang='lat'>4.</span> <span class='ocrx_word' id='word_1_277' title='bbox 2017 3273 2123 3354; x_wconf 83' lang='lat' dir='ltr'>Febr.)</span> 
     </span>
     <span class='ocr_line' id='line_1_33' title="bbox 204 3359 2173 3464; baseline -0.002 -38"><span class='ocrx_word' id='word_1_278' title='bbox 204 3363 262 3426; x_wconf 85' lang='lat'>22.</span> <span class='ocrx_word' id='word_1_279' title='bbox 284 3360 434 3423; x_wconf 87' lang='lat' dir='ltr'>Lutherus</span> <span class='ocrx_word' id='word_1_280' title='bbox 453 3363 584 3464; x_wconf 67' lang='lat' dir='ltr'>graviter</span> <span class='ocrx_word' id='word_1_281' title='bbox 610 3364 747 3426; x_wconf 86' lang='lat' dir='ltr'>irascitur</span> <span class='ocrx_word' id='word_1_282' title='bbox 766 3363 882 3426; x_wconf 88' lang='lat' dir='ltr'>Bucero</span> <span class='ocrx_word' id='word_1_283' title='bbox 908 3370 1030 3446; x_wconf 88' lang='lat' dir='ltr'>propter</span> <span class='ocrx_word' id='word_1_284' title='bbox 1052 3363 1217 3424; x_wconf 89' lang='lat' dir='ltr'>doctrinam</span> <span class='ocrx_word' id='word_1_285' title='bbox 1238 3363 1276 3424; x_wconf 90' lang='lat' dir='ltr'>de</span> <span class='ocrx_word' id='word_1_286' title='bbox 1297 3380 1392 3424; x_wconf 89' lang='lat' dir='ltr'>coena</span> <span class='ocrx_word' id='word_1_287' title='bbox 1412 3380 1514 3438; x_wconf 71' lang='lat' dir='ltr'>nora,</span> <span class='ocrx_word' id='word_1_288' title='bbox 1540 3363 1573 3424; x_wconf 92' lang='lat' dir='ltr'>in</span> <span class='ocrx_word' id='word_1_289' title='bbox 1594 3361 1720 3443; x_wconf 82' lang='lat' dir='ltr'>epistola</span> <span class='ocrx_word' id='word_1_290' title='bbox 1741 3361 1781 3424; x_wconf 86' lang='lat' dir='ltr'>sd</span> <span class='ocrx_word' id='word_1_291' title='bbox 1801 3359 2022 3442; x_wconf 75' lang='lat' dir='ltr'>Landgrsrinm</span> <span class='ocrx_word' id='word_1_292' title='bbox 2042 3359 2124 3423; x_wconf 83' lang='lat' dir='ltr'>Has·</span> <span class='ocrx_word' id='word_1_293' title='bbox 2169 3399 2173 3414; x_wconf 84' lang='lat'><em>·</em></span> 
     </span>
     <span class='ocr_line' id='line_1_34' title="bbox 318 3449 579 3527; baseline 0 -17"><span class='ocrx_word' id='word_1_294' title='bbox 318 3449 382 3510; x_wconf 86' lang='lat' dir='ltr'>siae</span> <span class='ocrx_word' id='word_1_295' title='bbox 404 3449 579 3527; x_wconf 85' lang='lat' dir='ltr'>expositam.</span> 
     </span>
     <span class='ocr_line' id='line_1_35' title="bbox 202 3529 1467 3616; baseline -0.002 -18"><span class='ocrx_word' id='word_1_296' title='bbox 202 3535 261 3598; x_wconf 86' lang='lat'>24.</span> <span class='ocrx_word' id='word_1_297' title='bbox 283 3533 354 3596; x_wconf 81' lang='lat' dir='ltr'>hiel.</span> <span class='ocrx_word' id='word_1_298' title='bbox 375 3535 512 3611; x_wconf 85' lang='lat' dir='ltr'>laetatur,</span> <span class='ocrx_word' id='word_1_299' title='bbox 533 3537 613 3616; x_wconf 89' lang='lat' dir='ltr'>quod</span> <span class='ocrx_word' id='word_1_300' title='bbox 634 3536 773 3598; x_wconf 86' lang='lat' dir='ltr'>sibinen</span> <span class='ocrx_word' id='word_1_301' title='bbox 796 3535 923 3598; x_wconf 84' lang='lat' dir='ltr'>eundum</span> <span class='ocrx_word' id='word_1_302' title='bbox 941 3535 982 3596; x_wconf 92' lang='lat' dir='ltr'>sit</span> <span class='ocrx_word' id='word_1_303' title='bbox 1003 3535 1042 3596; x_wconf 86' lang='lat' dir='ltr'>nd</span> <span class='ocrx_word' id='word_1_304' title='bbox 1064 3541 1242 3596; x_wconf 85' lang='lat' dir='ltr'>conventum</span> <span class='ocrx_word' id='word_1_305' title='bbox 1264 3529 1467 3614; x_wconf 74' lang='lat' dir='ltr'>spirensem.</span> 
     </span>
     <span class='ocr_line' id='line_1_36' title="bbox 284 3621 639 3702; baseline 0.006 -20"><span class='ocrx_word' id='word_1_306' title='bbox 284 3621 395 3700; x_wconf 81' lang='lat' dir='ltr'>blegne</span> <span class='ocrx_word' id='word_1_307' title='bbox 415 3621 488 3683; x_wconf 91' lang='lat' dir='ltr'>solis</span> <span class='ocrx_word' id='word_1_308' title='bbox 510 3623 639 3702; x_wconf 89' lang='lat' dir='ltr'>eclipsis.</span> 
     </span>
     <span class='ocr_line' id='line_1_37' title="bbox 285 3704 1289 3788; baseline -0.002 -18"><span class='ocrx_word' id='word_1_309' title='bbox 285 3705 435 3787; x_wconf 77' lang='lat' dir='ltr'>Georgius</span> <span class='ocrx_word' id='word_1_310' title='bbox 456 3704 584 3769; x_wconf 88' lang='lat' dir='ltr'>Sabinus</span> <span class='ocrx_word' id='word_1_311' title='bbox 601 3707 754 3771; x_wconf 85' lang='lat' dir='ltr'>vocatur&#39;</span> <span class='ocrx_word' id='word_1_312' title='bbox 744 3727 776 3768; x_wconf 87' lang='lat' dir='ltr'>ru</span> <span class='ocrx_word' id='word_1_313' title='bbox 799 3707 992 3768; x_wconf 81' lang='lat' dir='ltr'>Academiam</span> <span class='ocrx_word' id='word_1_314' title='bbox 1011 3705 1289 3788; x_wconf 80' lang='lat' dir='ltr'>Regiomontauam.</span> 
     </span>
     <span class='ocr_line' id='line_1_38' title="bbox 205 3792 2212 3874; baseline -0.002 -17"><span class='ocrx_word' id='word_1_315' title='bbox 205 3795 262 3857; x_wconf 79' lang='grc'>25.</span> <span class='ocrx_word' id='word_1_316' title='bbox 282 3795 483 3855; x_wconf 87' lang='lat' dir='ltr'>Melanthonis</span> <span class='ocrx_word' id='word_1_317' title='bbox 503 3795 645 3856; x_wconf 88' lang='lat' dir='ltr'>iudicium</span> <span class='ocrx_word' id='word_1_318' title='bbox 666 3795 705 3856; x_wconf 91' lang='lat' dir='ltr'>de</span> <span class='ocrx_word' id='word_1_319' title='bbox 725 3796 872 3856; x_wconf 83' lang='lat' dir='ltr'>sententia</span> <span class='ocrx_word' id='word_1_320' title='bbox 889 3793 1074 3874; x_wconf 65' lang='lat' dir='ltr'>Neogeorffl&#39;i</span> <span class='ocrx_word' id='word_1_321' title='bbox 1090 3795 1127 3854; x_wconf 90' lang='lat' dir='ltr'>de</span> <span class='ocrx_word' id='word_1_322' title='bbox 1145 3795 1273 3874; x_wconf 88' lang='lat' dir='ltr'>peccatis</span> <span class='ocrx_word' id='word_1_323' title='bbox 1295 3792 1463 3855; x_wconf 85' lang='lat' dir='ltr'>electorum.</span> <span class='ocrx_word' id='word_1_324' title='bbox 2205 3844 2212 3860; x_wconf 83' lang='lat'><strong>.</strong></span> 
     </span>
     <span class='ocr_line' id='line_1_39' title="bbox 100 3875 2120 3960; baseline 0.002 -22"><span class='ocrx_word' id='word_1_325' title='bbox 100 3875 178 3944; x_wconf 85' lang='lat' dir='ltr'>Pebr.</span> <span class='ocrx_word' id='word_1_326' title='bbox 230 3881 264 3944; x_wconf 94' lang='lat'><strong>9</strong></span> <span class='ocrx_word' id='word_1_327' title='bbox 287 3881 357 3941; x_wconf 88' lang='lat' dir='ltr'>hlel.</span> <span class='ocrx_word' id='word_1_328' title='bbox 385 3881 518 3960; x_wconf 88' lang='lat' dir='ltr'>queritur</span> <span class='ocrx_word' id='word_1_329' title='bbox 539 3883 577 3942; x_wconf 88' lang='lat' dir='ltr'>de</span> <span class='ocrx_word' id='word_1_330' title='bbox 601 3883 676 3942; x_wconf 85' lang='lat' dir='ltr'>rixis</span> <span class='ocrx_word' id='word_1_331' title='bbox 697 3879 821 3944; x_wconf 85' lang='lat' dir='ltr'>Luthcri</span> <span class='ocrx_word' id='word_1_332' title='bbox 847 3901 914 3944; x_wconf 85' lang='lat' dir='ltr'>cum</span> <span class='ocrx_word' id='word_1_333' title='bbox 942 3879 1164 3942; x_wconf 84' lang='lat' dir='ltr'>iurisconsultis</span> <span class='ocrx_word' id='word_1_334' title='bbox 1181 3881 1400 3960; x_wconf 47' lang='lat' dir='ltr'>Vitehergn-</span> <span class='ocrx_word' id='word_1_335' title='bbox 1355 3879 1590 3941; x_wconf 76' lang='lat' dir='ltr'>-llditioncm</span> <span class='ocrx_word' id='word_1_336' title='bbox 1611 3877 1747 3940; x_wconf 87' lang='lat' dir='ltr'>locorum</span> <span class='ocrx_word' id='word_1_337' title='bbox 1772 3877 1862 3940; x_wconf 77' lang='lat' dir='ltr'>theol</span> <span class='ocrx_word' id='word_1_338' title='bbox 1891 3887 1923 3940; x_wconf 89' lang='lat' dir='ltr'>et</span> <span class='ocrx_word' id='word_1_339' title='bbox 1948 3877 2120 3942; x_wconf 82' lang='lat' dir='ltr'>dialecticas</span> 
     </span>
     <span class='ocr_line' id='line_1_40' title="bbox 319 3969 577 4030; baseline 0.004 -2"><span class='ocrx_word' id='word_1_340' title='bbox 319 3985 422 4028; x_wconf 88' lang='lat' dir='ltr'>mrsns</span> <span class='ocrx_word' id='word_1_341' title='bbox 443 3969 577 4030; x_wconf 85' lang='lat' dir='ltr'>adornat</span> 
     </span>
     <span class='ocr_line' id='line_1_41' title="bbox 207 4051 1290 4134; baseline -0.001 -19"><span class='ocrx_word' id='word_1_342' title='bbox 207 4054 262 4116; x_wconf 89' lang='lat'>14.</span> <span class='ocrx_word' id='word_1_343' title='bbox 284 4051 438 4134; x_wconf 81' lang='lat' dir='ltr'>Crucigeri</span> <span class='ocrx_word' id='word_1_344' title='bbox 458 4055 589 4115; x_wconf 84' lang='lat' dir='ltr'>narratio</span> <span class='ocrx_word' id='word_1_345' title='bbox 610 4054 648 4115; x_wconf 90' lang='lat' dir='ltr'>de</span> <span class='ocrx_word' id='word_1_346' title='bbox 670 4055 828 4116; x_wconf 78' lang='lat' dir='ltr'>acerbitate</span> <span class='ocrx_word' id='word_1_347' title='bbox 849 4051 1006 4116; x_wconf 84' lang='lat' dir='ltr'>Lntheri</span> <span class='ocrx_word' id='word_1_348' title='bbox 996 4071 1028 4114; x_wconf 86' lang='grc' dir='ltr'>ιιι</span> <span class='ocrx_word' id='word_1_349' title='bbox 1049 4052 1290 4115; x_wconf 86' lang='lat' dir='ltr'>Iurisconsultcs.</span> 
     </span>
     <span class='ocr_line' id='line_1_42' title="bbox 133 4139 1037 4216; baseline -0.002 -14"><span class='ocrx_word' id='word_1_350' title='bbox 133 4209 137 4216; x_wconf 56' lang='grc'><strong>,</strong></span> <span class='ocrx_word' id='word_1_351' title='bbox 209 4141 263 4202; x_wconf 78' lang='lat' dir='ltr'>lb.</span> <span class='ocrx_word' id='word_1_352' title='bbox 285 4139 355 4200; x_wconf 79' lang='lat' dir='ltr'>Mel.</span> <span class='ocrx_word' id='word_1_353' title='bbox 377 4149 495 4200; x_wconf 85' lang='lat' dir='ltr'>enarrat</span> <span class='ocrx_word' id='word_1_354' title='bbox 513 4139 580 4200; x_wconf 91' lang='lat' dir='ltr'>libr.</span> <span class='ocrx_word' id='word_1_355' title='bbox 603 4140 642 4202; x_wconf 96' lang='lat' dir='ltr'><strong>V.</strong></span> <span class='ocrx_word' id='word_1_356' title='bbox 664 4141 837 4202; x_wconf 78' lang='lat' dir='ltr'>Ethicorum</span> <span class='ocrx_word' id='word_1_357' title='bbox 858 4141 1037 4202; x_wconf 79' lang='lat' dir='ltr'>Aristotelis.</span> 
     </span>
     <span class='ocr_line' id='line_1_43' title="bbox 210 4223 1202 4342; baseline 0 -54"><span class='ocrx_word' id='word_1_358' title='bbox 210 4229 263 4290; x_wconf 89' lang='lat'>18.</span> <span class='ocrx_word' id='word_1_359' title='bbox 285 4226 412 4288; x_wconf 87' lang='lat' dir='ltr'>Ioannes</span> <span class='ocrx_word' id='word_1_360' title='bbox 430 4227 608 4304; x_wconf 80' lang='lat' dir='ltr'>Fridericus,</span> <span class='ocrx_word' id='word_1_361' title='bbox 630 4226 702 4288; x_wconf 88' lang='lat' dir='ltr'>Dux</span> <span class='ocrx_word' id='word_1_362' title='bbox 719 4225 791 4290; x_wconf 89' lang='lat' dir='ltr'>Sax.</span> <span class='ocrx_word' id='word_1_363' title='bbox 814 4227 944 4302; x_wconf 84' lang='lat' dir='ltr'>Elector,</span> <span class='ocrx_word' id='word_1_364' title='bbox 965 4228 1056 4288; x_wconf 89' lang='lat' dir='ltr'>intrat</span> <span class='ocrx_word' id='word_1_365' title='bbox 1076 4223 1202 4342; x_wconf 77' lang='lat' dir='ltr'>Spiram.</span> 
     </span>
     <span class='ocr_line' id='line_1_44' title="bbox 208 4311 803 4394; baseline -0.002 -19"><span class='ocrx_word' id='word_1_366' title='bbox 208 4314 260 4378; x_wconf 89' lang='lat'>21.</span> <span class='ocrx_word' id='word_1_367' title='bbox 283 4313 373 4374; x_wconf 88' lang='lat' dir='ltr'>luitis</span> <span class='ocrx_word' id='word_1_368' title='bbox 392 4313 586 4375; x_wconf 78' lang='lat' dir='ltr'>Comitiorum</span> <span class='ocrx_word' id='word_1_369' title='bbox 608 4311 803 4394; x_wconf 75' lang='lat' dir='ltr'>Sphensium.</span> 
     </span>
     <span class='ocr_line' id='line_1_45' title="bbox 285 4399 1050 4480; baseline 0.001 -21"><span class='ocrx_word' id='word_1_370' title='bbox 285 4399 355 4461; x_wconf 82' lang='lat' dir='ltr'>hiel.</span> <span class='ocrx_word' id='word_1_371' title='bbox 378 4401 509 4480; x_wconf 85' lang='lat' dir='ltr'>queritur</span> <span class='ocrx_word' id='word_1_372' title='bbox 528 4401 566 4461; x_wconf 90' lang='lat' dir='ltr'>de</span> <span class='ocrx_word' id='word_1_373' title='bbox 587 4401 718 4462; x_wconf 91' lang='lat' dir='ltr'>moribus</span> <span class='ocrx_word' id='word_1_374' title='bbox 739 4399 852 4476; x_wconf 89' lang='lat' dir='ltr'>Sabim,</span> <span class='ocrx_word' id='word_1_375' title='bbox 874 4401 975 4480; x_wconf 86' lang='lat' dir='ltr'>generi</span> <span class='ocrx_word' id='word_1_376' title='bbox 995 4401 1050 4461; x_wconf 89' lang='lat' dir='ltr'>sui.</span> 
     </span>
     <span class='ocr_line' id='line_1_46' title="bbox 104 4459 1764 4567; baseline -0.001 -23"><span class='ocrx_word' id='word_1_377' title='bbox 104 4480 183 4549; x_wconf 86' lang='lat' dir='ltr'>llsrt.</span> <span class='ocrx_word' id='word_1_378' title='bbox 237 4489 266 4548; x_wconf 93' lang='lat'>1.</span> <span class='ocrx_word' id='word_1_379' title='bbox 287 4485 359 4548; x_wconf 82' lang='lat' dir='ltr'>hlei.</span> <span class='ocrx_word' id='word_1_380' title='bbox 381 4487 510 4565; x_wconf 84' lang='lat' dir='ltr'>graviter</span> <span class='ocrx_word' id='word_1_381' title='bbox 530 4489 662 4567; x_wconf 85' lang='lat' dir='ltr'>queritur</span> <span class='ocrx_word' id='word_1_382' title='bbox 683 4489 721 4547; x_wconf 88' lang='lat' dir='ltr'>de</span> <span class='ocrx_word' id='word_1_383' title='bbox 737 4489 868 4550; x_wconf 90' lang='lat' dir='ltr'>moribus</span> <span class='ocrx_word' id='word_1_384' title='bbox 890 4483 1002 4558; x_wconf 83' lang='lat' dir='ltr'>Sabini,</span> <span class='ocrx_word' id='word_1_385' title='bbox 1024 4487 1076 4566; x_wconf 89' lang='lat' dir='ltr'>qui</span> <span class='ocrx_word' id='word_1_386' title='bbox 1097 4459 1244 4546; x_wconf 88' lang='lat' dir='ltr'>ancillam</span> <span class='ocrx_word' id='word_1_387' title='bbox 1253 4483 1357 4546; x_wconf 87' lang='lat' dir='ltr'>uxoris</span> <span class='ocrx_word' id='word_1_388' title='bbox 1378 4501 1451 4545; x_wconf 83' lang='lat' dir='ltr'>suns</span> <span class='ocrx_word' id='word_1_389' title='bbox 1467 4481 1622 4562; x_wconf 67' lang='lat' dir='ltr'>gravim</span> <span class='ocrx_word' id='word_1_390' title='bbox 1642 4479 1764 4542; x_wconf 81' lang='lat' dir='ltr'>lecerat</span> 
     </span>
     <span class='ocr_line' id='line_1_47' title="bbox 287 4571 765 4653; baseline 0.006 -22"><span class='ocrx_word' id='word_1_391' title='bbox 287 4571 393 4632; x_wconf 80' lang='lat' dir='ltr'>Alesio</span> <span class='ocrx_word' id='word_1_392' title='bbox 412 4574 516 4633; x_wconf 90' lang='lat' dir='ltr'>scribit</span> <span class='ocrx_word' id='word_1_393' title='bbox 535 4575 765 4653; x_wconf 89' lang='lat' dir='ltr'>propositiones.</span> 
     </span>
     <span class='ocr_line' id='line_1_48' title="bbox 214 4656 1025 4722; baseline -0.005 0"><span class='ocrx_word' id='word_1_394' title='bbox 214 4662 264 4722; x_wconf 90' lang='grc'>13.</span> <span class='ocrx_word' id='word_1_395' title='bbox 286 4657 466 4719; x_wconf 67' lang='lat' dir='ltr'>prauam·</span> <span class='ocrx_word' id='word_1_396' title='bbox 456 4679 489 4720; x_wconf 90' lang='grc' dir='ltr'>ιι</span> <span class='ocrx_word' id='word_1_397' title='bbox 509 4660 617 4720; x_wconf 91' lang='lat' dir='ltr'>librum</span> <span class='ocrx_word' id='word_1_398' title='bbox 634 4656 786 4722; x_wconf 83' lang='lat' dir='ltr'>Ciceronis</span> <span class='ocrx_word' id='word_1_399' title='bbox 808 4661 845 4722; x_wconf 89' lang='lat' dir='ltr'>de</span> <span class='ocrx_word' id='word_1_400' title='bbox 866 4667 1025 4721; x_wconf 87' lang='lat' dir='ltr'>senectute.</span> 
     </span>
     <span class='ocr_line' id='line_1_49' title="bbox 209 4742 1222 4827; baseline -0.002 -21"><span class='ocrx_word' id='word_1_401' title='bbox 209 4745 257 4808; x_wconf 90' lang='grc'>20.</span> <span class='ocrx_word' id='word_1_402' title='bbox 281 4742 400 4806; x_wconf 82' lang='lat' dir='ltr'>Laudat</span> <span class='ocrx_word' id='word_1_403' title='bbox 420 4745 562 4822; x_wconf 83' lang='lat' dir='ltr'>Mauritii,</span> <span class='ocrx_word' id='word_1_404' title='bbox 580 4747 675 4808; x_wconf 90' lang='lat' dir='ltr'>Ducis</span> <span class='ocrx_word' id='word_1_405' title='bbox 692 4743 774 4822; x_wconf 78' lang='lat' dir='ltr'>Sex,</span> <span class='ocrx_word' id='word_1_406' title='bbox 796 4747 955 4808; x_wconf 89' lang='lat' dir='ltr'>studium</span> <span class='ocrx_word' id='word_1_407' title='bbox 945 4766 978 4806; x_wconf 88' lang='lat' dir='ltr'>ru</span> <span class='ocrx_word' id='word_1_408' title='bbox 999 4745 1222 4827; x_wconf 82' lang='lat' dir='ltr'>Imperatorem.</span> 
     </span>
     <span class='ocr_line' id='line_1_50' title="bbox 285 4827 1680 4912; baseline -0.003 -20"><span class='ocrx_word' id='word_1_409' title='bbox 285 4830 455 4893; x_wconf 77' lang='lat' dir='ltr'>camerario</span> <span class='ocrx_word' id='word_1_410' title='bbox 476 4834 588 4909; x_wconf 81' lang='lat' dir='ltr'>scribit,</span> <span class='ocrx_word' id='word_1_411' title='bbox 611 4833 681 4912; x_wconf 91' lang='lat' dir='ltr'>quid</span> <span class='ocrx_word' id='word_1_412' title='bbox 703 4835 791 4894; x_wconf 83' lang='lat' dir='ltr'>amIci</span> <span class='ocrx_word' id='word_1_413' title='bbox 811 4833 1006 4894; x_wconf 84' lang='lat' dir='ltr'>iudicaverint</span> <span class='ocrx_word' id='word_1_414' title='bbox 1022 4834 1060 4893; x_wconf 88' lang='lat' dir='ltr'>de</span> <span class='ocrx_word' id='word_1_415' title='bbox 1076 4833 1205 4894; x_wconf 87' lang='lat' dir='ltr'>editione</span> <span class='ocrx_word' id='word_1_416' title='bbox 1226 4831 1360 4890; x_wconf 89' lang='lat' dir='ltr'>locorum</span> <span class='ocrx_word' id='word_1_417' title='bbox 1381 4827 1471 4890; x_wconf 90' lang='lat' dir='ltr'>theol.</span> <span class='ocrx_word' id='word_1_418' title='bbox 1494 4828 1564 4888; x_wconf 89' lang='lat' dir='ltr'>suni</span> <span class='ocrx_word' id='word_1_419' title='bbox 1588 4827 1680 4891; x_wconf 90' lang='grc'><strong>1535.</strong></span> 
     </span>
     <span class='ocr_line' id='line_1_51' title="bbox 210 4911 1713 5002; baseline -0.004 -24"><span class='ocrx_word' id='word_1_420' title='bbox 210 4917 262 4980; x_wconf 83' lang='grc'>25.</span> <span class='ocrx_word' id='word_1_421' title='bbox 283 4917 396 4981; x_wconf 85' lang='lat' dir='ltr'>Narrat</span> <span class='ocrx_word' id='word_1_422' title='bbox 416 4919 567 4980; x_wconf 90' lang='lat' dir='ltr'>historiam</span> <span class='ocrx_word' id='word_1_423' title='bbox 585 4921 770 4982; x_wconf 90' lang='lat' dir='ltr'>comitiorum</span> <span class='ocrx_word' id='word_1_424' title='bbox 788 4917 971 5002; x_wconf 88' lang='lat' dir='ltr'>Spirensium</span> <span class='ocrx_word' id='word_1_425' title='bbox 994 4927 1025 4978; x_wconf 89' lang='lat' dir='ltr'>et</span> <span class='ocrx_word' id='word_1_426' title='bbox 1046 4927 1207 4980; x_wconf 83' lang='lat' dir='ltr'>conventus</span> <span class='ocrx_word' id='word_1_427' title='bbox 1226 4915 1447 4994; x_wconf 86' lang='lat' dir='ltr'>Theologorum</span> <span class='ocrx_word' id='word_1_428' title='bbox 1468 4912 1591 4995; x_wconf 87' lang='lat' dir='ltr'>Lipsiae</span> <span class='ocrx_word' id='word_1_429' title='bbox 1610 4911 1713 4975; x_wconf 85' lang='lat' dir='ltr'>hahiti.</span> 
     </span>
     <span class='ocr_line' id='line_1_52' title="bbox 284 5004 1598 5084; baseline -0.001 -21"><span class='ocrx_word' id='word_1_430' title='bbox 284 5004 479 5084; x_wconf 88' lang='lat' dir='ltr'>Incipiunt</span> <span class='ocrx_word' id='word_1_431' title='bbox 501 5007 687 5084; x_wconf 86' lang='lat' dir='ltr'>epistolae</span> <span class='ocrx_word' id='word_1_432' title='bbox 709 5009 754 5067; x_wconf 87' lang='lat' dir='ltr'>ad</span> <span class='ocrx_word' id='word_1_433' title='bbox 774 5008 967 5068; x_wconf 81' lang='lat' dir='ltr'>Albertum</span> <span class='ocrx_word' id='word_1_434' title='bbox 985 5005 1323 5084; x_wconf 83' lang='lat' dir='ltr'>Hardenbergium.</span> <span class='ocrx_word' id='word_1_435' title='bbox 1588 5017 1598 5036; x_wconf 70' lang='lat'>⁸</span> 
     </span>
     <span class='ocr_line' id='line_1_53' title="bbox 105 5079 2117 5190; baseline -0.003 -40"><span class='ocrx_word' id='word_1_436' title='bbox 105 5083 194 5165; x_wconf 78' lang='lat' dir='ltr'>Aput</span> <span class='ocrx_word' id='word_1_437' title='bbox 235 5092 264 5152; x_wconf 90' lang='lat'>8.</span> <span class='ocrx_word' id='word_1_438' title='bbox 285 5091 419 5176; x_wconf 84' lang='lat' dir='ltr'>Munera,</span> <span class='ocrx_word' id='word_1_439' title='bbox 441 5093 519 5152; x_wconf 83' lang='lat' dir='ltr'>faeta</span> <span class='ocrx_word' id='word_1_440' title='bbox 541 5111 579 5154; x_wconf 88' lang='grc' dir='ltr'>ιι</span> <span class='ocrx_word' id='word_1_441' title='bbox 597 5093 707 5154; x_wconf 83' lang='lat' dir='ltr'>electro</span> <span class='ocrx_word' id='word_1_442' title='bbox 722 5093 823 5190; x_wconf 87' lang='lat' dir='ltr'>figura</span> <span class='ocrx_word' id='word_1_443' title='bbox 844 5094 1031 5156; x_wconf 85' lang='lat' dir='ltr'>cochlearum</span> <span class='ocrx_word' id='word_1_444' title='bbox 1050 5091 1290 5172; x_wconf 81' lang='lat' dir='ltr'>accipinutldel,</span> <span class='ocrx_word' id='word_1_445' title='bbox 1312 5091 1495 5150; x_wconf 87' lang='lat' dir='ltr'>Pomeranus</span> <span class='ocrx_word' id='word_1_446' title='bbox 1515 5095 1544 5147; x_wconf 88' lang='grc' dir='ltr'>ιι</span> <span class='ocrx_word' id='word_1_447' title='bbox 1553 5084 1703 5148; x_wconf 83' lang='lat' dir='ltr'>Lutherus</span> <span class='ocrx_word' id='word_1_448' title='bbox 1724 5083 1762 5146; x_wconf 89' lang='lat' dir='ltr'>ab</span> <span class='ocrx_word' id='word_1_449' title='bbox 1778 5083 1904 5144; x_wconf 78' lang='lat' dir='ltr'>Alberto</span> <span class='ocrx_word' id='word_1_450' title='bbox 1915 5079 2002 5144; x_wconf 88' lang='lat' dir='ltr'>Duce</span> <span class='ocrx_word' id='word_1_451' title='bbox 2013 5081 2117 5146; x_wconf 86' lang='lat' dir='ltr'>Pruss.</span> 
     </span>
     <span class='ocr_line' id='line_1_54' title="bbox 233 5167 2118 5270; baseline -0.004 -32"><span class='ocrx_word' id='word_1_452' title='bbox 233 5177 262 5240; x_wconf 93' lang='grc'>9.</span> <span class='ocrx_word' id='word_1_453' title='bbox 286 5171 520 5255; x_wconf 83' lang='lat' dir='ltr'>Wallenrodum,</span> <span class='ocrx_word' id='word_1_454' title='bbox 540 5180 670 5240; x_wconf 89' lang='lat' dir='ltr'>nobilem</span> <span class='ocrx_word' id='word_1_455' title='bbox 688 5167 845 5258; x_wconf 83' lang='lat' dir='ltr'>Fr&#39;aucum,</span> <span class='ocrx_word' id='word_1_456' title='bbox 866 5189 962 5262; x_wconf 88' lang='lat' dir='ltr'>rogat,</span> <span class='ocrx_word' id='word_1_457' title='bbox 983 5189 1017 5238; x_wconf 91' lang='lat' dir='ltr'>ut</span> <span class='ocrx_word' id='word_1_458' title='bbox 1037 5179 1089 5240; x_wconf 88' lang='lat' dir='ltr'>det</span> <span class='ocrx_word' id='word_1_459' title='bbox 1099 5179 1281 5254; x_wconf 75' lang='lat' dir='ltr'>camerario</span> <span class='ocrx_word' id='word_1_460' title='bbox 1301 5177 1388 5238; x_wconf 88' lang='lat' dir='ltr'>itar&#39;</span> <span class='ocrx_word' id='word_1_461' title='bbox 1378 5195 1410 5236; x_wconf 91' lang='lat' dir='ltr'>m</span> <span class='ocrx_word' id='word_1_462' title='bbox 1430 5175 1587 5236; x_wconf 75' lang='lat' dir='ltr'>Franciam</span> <span class='ocrx_word' id='word_1_463' title='bbox 1609 5173 1732 5244; x_wconf 77' lang='lat' dir='ltr'>acum,</span> <span class='ocrx_word' id='word_1_464' title='bbox 1755 5173 1868 5254; x_wconf 88' lang='lat' dir='ltr'>equites</span> <span class='ocrx_word' id='word_1_465' title='bbox 1892 5171 2025 5270; x_wconf 91' lang='lat' dir='ltr'>comites,</span> <span class='ocrx_word' id='word_1_466' title='bbox 2047 5169 2118 5250; x_wconf 84' lang='lat' dir='ltr'>quia</span> 
     </span>
     <span class='ocr_line' id='line_1_55' title="bbox 318 5265 720 5346; baseline 0.005 -22"><span class='ocrx_word' id='word_1_467' title='bbox 318 5265 347 5324; x_wconf 87' lang='grc' dir='ltr'>ιι</span> <span class='ocrx_word' id='word_1_468' title='bbox 367 5267 472 5326; x_wconf 91' lang='lat' dir='ltr'>metuit</span> <span class='ocrx_word' id='word_1_469' title='bbox 492 5265 531 5326; x_wconf 89' lang='lat' dir='ltr'>ab</span> <span class='ocrx_word' id='word_1_470' title='bbox 551 5265 720 5346; x_wconf 75' lang='lat' dir='ltr'>Episcopis.</span> 
     </span>
    </p>
   </div>
   <div class='ocr_carea' id='block_1_8' title="bbox 301 5375 1910 5446">
    <p class='ocr_par' dir='ltr' id='par_1_8' title="bbox 301 5375 1910 5446">
     <span class='ocr_line' id='line_1_56' title="bbox 301 5375 1910 5446; baseline 0.01 -6"><span class='ocrx_word' id='word_1_471' title='bbox 301 5397 450 5444; x_wconf 65' lang='lat' dir='ltr'>mm.</span> <span class='ocrx_word' id='word_1_472' title='bbox 468 5397 553 5444; x_wconf 70' lang='lat' dir='ltr'>om.</span> <span class='ocrx_word' id='word_1_473' title='bbox 571 5399 636 5444; x_wconf 74' lang='lat' dir='ltr'><strong>Volo.</strong></span> <span class='ocrx_word' id='word_1_474' title='bbox 653 5399 756 5446; x_wconf 79' lang='lat' dir='ltr'>mm.</span> <span class='ocrx_word' id='word_1_475' title='bbox 1886 5375 1910 5430; x_wconf 55' lang='lat' dir='ltr'>F</span> 
     </span>
    </p>
   </div>
   <div class='ocr_carea' id='block_1_9' title="bbox 0 0 2372 6084">
    <p class='ocr_par' dir='ltr' id='par_1_9' title="bbox 0 0 2372 6084">
     <span class='ocr_line' id='line_1_57' title="bbox 0 0 2372 6084; baseline 0 0"><span class='ocrx_word' id='word_1_476' title='bbox 0 0 2372 6084; x_wconf 95' lang='lat' dir='ltr'> </span> 
     </span>
    </p>
   </div>
  </div>
 </body>
</html>
