4724 6086
233 334 302 421 rae
439 295 445 303 ’
901 332 1094 406 rnnnrr
1110 335 1429 424 ιιιιιιιιιιιιι
1450 335 1613 408 nenne.

234 528 325 593 Mart.
376 529 407 588 8.
429 525 586 590 Ioannes
605 525 845 602 hillericus,
863 527 936 588 an
957 523 1069 590 Saron.
1092 530 1223 603 illector,
1244 529 1376 590 monier.

354 615 404 674 17.
425 611 549 675 Scribitr
585 611 802 690 „Definiticnes
819 629 921 676 rursus
942 615 1075 676 editurus
1096 634 1161 677 snm
1184 616 1287 678 melius
1307 615 1468 683 illuetratas
1490 625 1520 675 et
1537 618 1665 678 auctu!

351 697 402 760 22.
423 697 543 760 Laudes
565 697 686 759 Ioannis
706 696 858 774 Fritlerici‚
878 699 972 762 Ducis
993 697 1065 762 Sar.
1088 702 1182 762 illect.
1941 761 1953 782 ,

351 784 402 846 28.
423 785 609 846 Praefatur
599 803 632 845 ιιι
652 784 690 846 Τ
712 785 751 844 V.
773 804 896 864 opernm
917 785 1042 848 Lutberi
1060 787 1221 850 latinorum
1240 789 1281 848 ad
1303 785 1514 865 Woligangnm
1535 786 1634 848 Prino.
1658 788 1861 850 Anbaltinum.

423 873 571 951 Expectat
590 869 742 944 Sabinum,
764 889 853 952 quem
874 872 912 933 lis
933 870 1110 934 Osiandrica
1132 873 1288 953 permovit,
1311 882 1344 932 nt
1365 873 1529 934 memoret
1549 893 1588 934 ex
1610 873 1772 938 summa
1791 875 2038 956 Begiomontana.

213 958 330 1039 -April
353 957 404 1019 20.
425 956 626 1020 Proficisoitnr
648 914 791 1034 Lipeilm

234 1045 305 1108 Μ
373 1045 402 1106 8.
424 1045 515 1106 uitat
535 1043 656 1104 latinam
677 1043 948 1121 interpretationem
972 1047 1002 1106 8.
1024 1045 1092 1106 libri
1109 1045 1360 1106 Maccahaeorum.

192 1162 199 1176 ·
354 1131 403 1192 17.
426 1131 627 1192 Proficisoitnr
656 1129 694 1189 ed
722 1137 897 1190 conventum
918 1130 1137 1212 Theologornm
1159 1129 1389 1205 saxonicorum,
1417 1105 1630 1192 Hassiacorum
1658 1141 1688 1192 et
1705 1130 1911 1210 scaccorum,
1939 1138 1994 1214 qni
2018 1138 2103 1200 iussu
2123 1137 2236 1218 august

459 1218 604 1278 Electoris
625 1216 812 1294 Nanmburgi
838 1217 955 1278 habitus
983 1226 1027 1277 est
1048 1219 1085 1277 ad
1107 1219 1327 1278 deliberandum
1350 1218 1387 1278 de
1408 1217 1607 1279 declaratione
1624 1213 1747 1280 anaui
1772 1221 1871 1282 danda
1898 1229 1928 1282 et
1948 1224 1989 1284 ad
2007 1225 2190 1287 mainardum
2203 1225 2235 1286 ie

458 1305 593 1366 doctrina
614 1301 753 1363 Osiaudri
772 1313 801 1364 et
821 1299 1078 1366 Schweackfeldii.

348 1391 399 1454 20.
421 1391 512 1452 Venit
531 1389 765 1465 Nanmburgum.

208 1485 234 1508 ⁴·
351 1477 402 1538 22.
425 1477 654 1557 llxpatiatnrin
676 1469 813 1540 &holana
830 1473 1014 1536 Portensem.

351 1563 400 1626 28.
423 1561 595 1624 Deolarotio
616 1559 837 1639 theologorum
857 1562 889 1622 in
912 1573 1067 1622 conventu.
1111 1561 1259 1642 Theologi
1279 1578 1318 1622 ex
1336 1557 1446 1624 Snevia
1465 1561 1573 1624 bucha
1593 1571 1793 1642 expectantur.

352 1649 402 1710 24
423 1649 596 1710 hielantbon
618 1649 807 1726 Vitehergem
829 1648 914 1709 redit.

235 1735 301 1801 Iun.
354 1736 405 1798 28.
428 1735 628 1814 Desponsatio
650 1733 805 1797 loannis
823 1731 989 1795 Lutberi.

236 1821 294 1885 Iul.
372 1823 402 1883 7.
424 1820 565 1882 Lithiesis
584 1819 767 1881 Melantboni
788 1823 860 1880 eatis
880 1817 1005 1880 molesta
1021 1829 1075 1880 est
1120 1818 1259 1881 Alhertns
1277 1819 1527 1898 Herdenhcrg
1548 1829 1593 1880 cst
1613 1820 1799 1900 Vitehergae.

235 1909 314 1990 Aug.
355 1907 405 1968 24.
426 1908 560 1981 biberto,
582 1905 660 1966 Dnci
679 1905 831 1978 Prnuiae,
853 1905 954 1966 scibit
975 1905 1013 1964 de
1031 1907 1237 1984 componenda
1259 1906 1458 1966 controversia
1478 1903 1701 1968 Osiandrish‘oa.

353 1993 404 2056 29.
424 1993 595 2054 Nortbusae
616 1992 817 2054 mnoovercia
838 1999 883 2050 est
904 1992 942 2050 de
963 1993 1137 2053 nmoeumte
1158 1993 1302 2054 honorum
1322 2009 1446 2071 opernm
1462 1993 1503 2053 ad
1522 1993 1655 2054 salutem

191 2093 198 2108 ·
427 2080 552 2140 Bremae
567 2079 672 2139 iterum
691 2087 824 2158 movetur
841 2079 1044 2142 controversia
1060 2079 1097 2138 de
1118 2096 1211 2138 coena
1226 2095 1319 2141 mora.

236 2163 319 2246 Sept.
379 2169 407 2227 1.
428 2165 530 2227 Pmoli
546 2167 740 2246 paraphrasin
760 2165 791 2225 in
812 2163 977 2224 Ptolemaei
998 2161 1251 2243 Quadripertitnm
1274 2165 1348 2237 edit,
1371 2171 1402 2224 et
1417 2163 1499 2224 dicat
1517 2157 1624 2226 librum
1642 2163 1887 2230 Commoratadlo.

426 2251 550 2313 Dolecio
569 2253 670 2312 scribit
687 2251 840 2331 epistolam
862 2251 1107 2329 nuncupatoriam
1125 2251 1164 2310 od
1180 2247 1321 2310 Senatum
1341 2247 1512 2312 Haleusem.

354 2339 402 2400 10.
424 2337 626 2398 Protioisuitur
645 2337 789 2419 lipsiam,
808 2346 839 2396 et
859 2338 929 2396 inde
950 2356 1017 2396 cum
1038 2333 1209 2397 camerario
1231 2333 1396 2398 Grimmam
1418 2349 1449 2396 et
1464 2337 1621 2411 blisuiam,
1644 2345 1678 2398 ut
1697 2337 1853 2417 explorent
1872 2338 1999 2402 amobe

351 2425 401 2486 20.
422 2420 498 2484 (bum
520 2423 690 2486 camerario
711 2425 907 2504 proficiscitur
924 2424 955 2482 in
974 2419 1113 2484 Sobolam
1133 2421 1316 2485 Portenaem.

237 2507 302 2572 Oct.
377 2513 406 2572 8.
427 2509 602 2588 Respondet
623 2511 835 2589 Eper'iensihns
855 2511 887 2570 in
909 2509 1066 2588 Hungaria
1086 2511 1123 2569 de
1145 2509 1347 2570 controversia
1368 2529 1388 2568 a
1407 2507 1617 2570 Iaeuterwaldo
1633 2517 1722 2574 mota

353 2599 402 2658 14.
424 2595 535 2658 Probat
555 2599 587 2656 in
616 2597 745 2676 epistole
766 2597 804 2656 ad
826 2595 998 2670 Calvinum,
1025 2596 1103 2674 quod
1125 2593 1323 2669 Serretes,
1354 2595 1444 2656 bomo
1470 2593 1677 2676 blasphemus,
1701 2615 1722 2656 a
1739 2597 1913 2676 magistratu
1939 2596 2115 2660 interiectus
2135 2605 2190 2672 est,
2213 2603 2236 2656 et

461 2683 564 2744 scribit
584 2683 671 2742 omui
694 2701 746 2743 cnr
767 2683 842 2743 nolit
862 2701 928 2742 seae
943 2682 1108 2742 immiscere
1125 2682 1342 2742 oonhovereiae
1363 2683 1400 2742 de
1417 2699 1511 2742 coena
1531 2697 1625 2744 sacra.

351 2769 402 2830 22.
425 2770 534 2848 Agitur
554 2770 593 2829 de
613 2767 717 2830 Sebini
737 2769 835 2828 reditu
851 2769 883 2828 in
903 2767 1096 2828 Academiam
1117 2767 1391 2847 Regiomontanam.

351 2854 402 2920 27.
425 2851 645 2915 Commemorat
664 2862 788 2916 mamm
810 2851 936 2932 Georgii
958 2853 1167 2929 neuthonia,
1188 2855 1235 2914 eni
1255 2854 1357 2934 patris.

235 2939 316 3003 Nov.
335 2941 401 3002 ·14.
424 2937 544 3002 Senatui
565 2940 720 3002 Rutishon.
733 2941 937 3020 respondetde
947 2941 1251 3001 excommunicatione
1261 2949 1293 3000 et
1313 2939 1467 3013 demeris,
1490 2939 1644 3017 dequibus
1657 2939 1756 3004 Niool
1769 2939 1876 3002 Gallus
1892 2941 2125 3004 oonmcversiam
2149 2938 2234 3001 movit.

307 3036 313 3046 “
426 3027 495 3093 Hoc
514 3047 616 3089 mense
634 3024 851 3105 christophoro
872 3026 1029 3086 Pannonio
1050 3027 1209 3102 (Praise)
1230 3025 1331 3086 scribit
1348 3025 1560 3104 praefationem
1580 3027 1613 3086 in
1635 3023 1787 3088 ciceronis
1808 3026 1965 3092 orationes.

314 3131 317 3138 ’
425 3110 536 3174 Scribit
554 3113 669 3192 prolixe
689 3114 728 3173 ad
745 3113 887 3174 Ioannem
909 3111 1102 3187 Friderioum‚
1124 3111 1239 3173 Ducem
1261 3113 1472 3187 Pomeraniae‚
1492 3113 1625 3172 derecte
1643 3113 1831 3176 methonae
1848 3113 1955 3174 studiis
1974 3113 2147 3176 litterarmn.

352 3199 402 3262 28.
421 3197 570 3280 Georgius
591 3219 611 3260 a
629 3199 779 3260 Kunbeim
801 3201 885 3278 petit,
902 3198 960 3261 sihi
980 3197 1155 3278 desponsari
1177 3197 1409 3277 Margaretbam‚
1429 3199 1521 3260 filiam
1540 3197 1673 3259 Lntberi.

236 3281 310 3346 nee
353 3287 401 3348 18.
422 3285 582 3348 Intaeedit
601 3287 681 3366 apud
697 3285 855 3348 albertum
875 3286 991 3347 Ducem
1013 3285 1153 3347 Prnssiae
1173 3305 1229 3366 pro
1251 3283 1384 3364 Georgio
1404 3303 1424 3345 a
1444 3284 1610 3362 Kunbeim,
1639 3294 1672 3346 nt
1693 3285 1724 3346 ai
1742 3285 1929 3364 permittam
1945 3285 2163 3348 matrimonium
2182 3299 2234 3344 cun

459 3371 523 3434 fllia
543 3372 678 3436 Lntberi.

424 3455 620 3521 commendat
640 3459 855 3519 menonem
877 3457 1021 3520 Hecubae
1042 3455 1194 3536 Euripidis
1214 3457 1353 3536 smiptam
1375 3475 1396 3516 a
1415 3455 1547 3517 Mattbeo
1567 3454 1725 3540 Heusloeo.
1809 3462 1825 3492 ‘

350 3541 401 3605 28.
424 3544 525 3607 Refert
543 3547 581 3607 ad
603 3547 779 3624 Augustum,
801 3544 918 3606 Ducem
939 3541 1049 3606 Saron
1069 3544 1166 3605 lileot.
1191 3551 1299 3604 eatam
1320 3541 1488 3605 scholaram
1508 3561 1582 3621 qnae
1600 3543 1768 3622 inspermat
1788 3561 1855 3604 oum
1873 3540 2054 3608 Gameratio.

351 3633 401 3691 81.
424 3631 596 3712 Respondet
616 3632 789 3712 quibusdam
813 3631 1099 3692 concionatoribus
1089 3649 1122 3692 ιιι
1144 3628 1271 3690 rrum
1291 3630 1329 3689 de
1349 3631 1409 3690 rito
1431 3629 1634 3690 devotionis
1624 3649 1656 3689 ιιι
1679 3647 1772 3691 coena
1793 3647 1898 3692 sama.
1996 3683 2001 3688 .

426 3713 548 3780 Calculo
568 3719 683 3780 laborat
704 3717 884 3778 Melanthea.

1083 3968 1243 4037 ANNO
1279 3972 1406 4040 1888.

238 4145 300 4208 lan.
378 4151 403 4208 1.
426 4147 494 4207 llel
520 4147 632 4225 gratias
657 4147 719 4226 agit
738 4145 818 4207 Duci
838 4145 1033 4207 Pomeraniae
1059 4165 1114 4225 pro
1141 4163 1261 4205 munere
1278 4155 1410 4226 accepto.
1454 4144 1628 4224 Sabinus,
1657 4147 1710 4226 qui
1733 4163 1766 4208 se
1790 4148 1822 4208 in
1849 4146 1970 4208 exilium
1997 4145 2120 4207 missum
2140 4142 2174 4203 in'
2192 4157 2235 4200 ιι·

461 4241 569 4312 pectet,
587 4241 708 4294 vocatur
728 4233 760 4292 in
778 4231 968 4292 Academiam
989 4231 1278 4292 Francofordianam.

234 4367 238 4374 .
375 4319 404 4379 6.
424 4317 596 4379 Conventus
613 4321 851 4380 concionatorum
872 4319 903 4378 in
922 4319 1069 4394 Marohia‚
1091 4319 1128 4378 de
1150 4319 1233 4378 cuius
1254 4317 1372 4378 decreto
1391 4318 1449 4382 vid.
1473 4337 1520 4396 ep.
1541 4319 1580 4378 ad
1598 4317 1718 4380 Beseld.
1739 4319 1769 4381 (1.
1789 4319 1817 4378 d.
1837 4319 1867 4379 4.
1887 4315 1975 4379 Febr.
1997 4317 2028 4379 h.
2047 4335 2076 4382 a.

427 4403 597 4463 Melanthea
621 4405 734 4464 calonio
755 4405 877 4465 loborat.

354 4489 404 4550 12.
426 4488 599 4550 Melanthea
609 4493 783 4552 saumonem
795 4507 877 4551 suam
889 4491 992 4551 scribit
1001 4490 1039 4550 de
1050 4490 1251 4550 controversie
1261 4487 1431 4550 Northuaae
1447 4497 1513 4550 orta
1528 4491 1567 4549 de
1582 4490 1758 4552 aceretae
1777 4489 1919 4552 honorum
1929 4505 2052 4567 opernm
2062 4487 2102 4548 ad
2114 4481 2234 4546 salutm.
2322 4499 2328 4515 ·

351 4577 404 4636 20.
424 4573 513 4636 Νοιι
535 4575 625 4636 editio
645 4575 713 4636 libri
735 4572 876 4656 Chytraei
903 4577 941 4636 de
959 4575 1147 4637 matimonio
1175 4584 1312 4655 paratur,
1340 4596 1359 4634 a
1380 4575 1572 4636 Melantbnne
1597 4577 1709 4655 passim
1738 4577 1893 4637 ιιιιιιάιῑί.
1936 4573 1997 4654 (Oi.
2020 4593 2065 4654 cp.
2087 4573 2125 4634 ad
2145 4567 2231 4648 libyi!-

255 4683 261 4692 ·
411 4685 414 4696 ·
452 4663 489 4724 ci.
509 4663 539 4722 d.
565 4665 592 4720 1.
616 4661 706 4722 Febr.
725 4671 754 4722 et
775 4663 804 4723 d.
830 4664 879 4724 19.
902 4663 991 4723 Febr.
1011 4663 1042 4724 h.
1064 4665 1108 4738 a.)
1162 4709 1172 4726 .

352 4745 403 4808 27.
426 4747 580 4809 Ecclesiae
600 4749 632 4808 in
654 4747 781 4809 Paionia
803 4749 998 4810 Melanthonis
1019 4749 1159 4808 iudicium
1181 4747 1219 4808 de
1240 4743 1376 4806 sunum
1396 4747 1585 4826 opiniom'hna
1603 4755 1755 4826 expetunt.

427 4831 596 4912 Scriptum
615 4843 661 4896 eat
681 4835 720 4894 ad
741 4833 913 4894 Prnssiacos
934 4837 971 4896 de
992 4833 1204 4896 inhabitatione
1224 4829 1336 4893 Christi
1355 4835 1388 4894 in
1404 4835 1525 4896 sanetis.

300 4946 303 4959 =
428 4921 599 4982 Melanthon
620 4922 711 4980 mittit
732 4921 932 4981 definitionum
952 4921 1094 4994 libellum,
1116 4921 1180 4980 sive
1201 4935 1326 4979 namen
1347 4919 1591 4999 Megelburgense
1611 4920 1719 4980 iterum
1737 4919 1855 4981 edituum

356 5005 406 5066 28.
428 5007 561 5068 Vocatur
577 5008 609 5066 in
630 5007 727 5068 aulam
750 5005 895 5068 lilectoris
912 5008 949 5066 ad
971 5007 1211 5078 deliberationem
1233 5005 1271 5065 de
1292 5005 1476 5084 inspectione
1497 5006 1708 5068 Ecclesiam.

315 5101 322 5111 '
353 5105 357 5121 '
428 5091 518 5152 Mittit
535 5093 668 5174 pagellas
689 5093 727 5152 de
748 5093 877 5152 Electra.

236 5173 323 5237 i‘ohr.
379 5179 409 5238 8.
433 5178 501 5238 Mel.
525 5180 720 5258 proficiscitur
743 5178 898 5250 Dreedam
921 5179 972 5240 nhi
992 5177 1109 5258 scripsit
1130 5177 1255 5238 formam
1277 5177 1454 5242 emenonis
1474 5179 1507 5239 in
1527 5194 1614 5239 usum
1636 5178 1828 5240 ιίιὶιιιιιιιι.

426 5261 515 5324 Initia
535 5263 730 5326 comitiorum
752 5270 905 5347 Augustae
927 5265 1158 5328 vindelicorum.

2336 1087 2340 1136 l
