4724 6086
679 307 718 374 11.
762 303 953 380 mutuas.
996 311 1039 378 A.
1079 311 1220 381 INDEX
1242 309 1506 386 GENERALIS.

931 567 1155 636 VOLUMEN
1200 570 1240 637 X.

904 705 907 712 ’
1143 694 1161 749 t

84 813 168 873 Liber
188 808 273 872 xlv.
321 809 486 889 Epistulae,
508 807 617 872 indieia
638 821 668 872 et
688 811 799 891 suripta
814 812 898 889 Mei,
920 833 997 892 quae
1018 835 1077 894 quo
1098 835 1176 876 anno
1197 817 1309 896 scripta
1329 817 1389 878 sint
1409 816 1525 878 detiniri
1546 835 1607 877 non
1623 817 1719 896 potnit
1741 863 1967 882 .....
2078 820 2094 876 1

327 894 538 976 supplementa
557 897 646 974 (Pars
667 897 775 975 altera)
810 946 1146 965 .......
1180 935 1184 945 ·
1194 949 1963 968 ...............
2035 902 2114 963 121'

326 985 498 1061 Appendix.
541 979 659 1063 Scripta
680 985 826 1063 quaedam
847 986 885 1046 ad
908 987 998 1046 vitam
1020 997 1049 1046 et
1070 989 1182 1048 obitum
1203 988 1273 1048 Mel.
1294 990 1459 1067 spectantia
1521 1035 1965 1054 .........
2035 991 2093 1050 173

329 1067 431 1130 Clanis
451 1069 675 1148 allegoricorum
698 1071 850 1131 nominum
872 1091 948 1150 quae
968 1071 999 1132 in
1020 1075 1154 1153 epistolis
1176 1076 1244 1134 Mel.
1267 1076 1378 1153 passim
1399 1075 1535 1154 leguntur
1577 1119 1965 1140 ........
2033 1077 2093 1136 317
2158 1126 2165 1138 .

290 1181 293 1192 ·
328 1154 454 1216 Indices.

392 1241 417 1301 1.
461 1240 556 1302 Index
568 1240 771 1321 alphabeticus
782 1263 882 1304 eornm
893 1245 1053 1319 hominum,
1076 1247 1181 1324 quibus
1193 1247 1262 1308 Mel.
1281 1247 1431 1326 epistolas,
1449 1247 1646 1326 praefationes
1663 1257 1692 1308 et
1701 1249 1812 1308 iudiaia
1820 1249 1971 1328 inscripsit
2036 1247 2099 1309 319

386 1327 427 1389 11.
464 1327 560 1389 Index
581 1329 817 1389 testimoniorum
838 1349 856 1388 a
878 1331 946 1392 Mel.
967 1333 1102 1392 datorum
1145 1377 1967 1397 ................
2034 1331 2096 1394 411

374 1413 430 1475 111.
464 1411 604 1474 Dieta'in
625 1415 717 1475 libros
739 1416 899 1476 amieornm
921 1419 1147 1498 scriptaaMel
1151 1461 1531 1484 ........
1560 1460 1587 1496 ,.
1633 1463 1641 1480 .
1687 1467 1694 1483 .
1850 1469 1857 1484 .
1904 1469 1912 1484 .
1959 1468 1966 1482 .
2035 1419 2098 1480 475

370 1499 2095 1588 Iv.1ndexpraefationumMe1...................‚.425

389 1586 427 1648 V.
469 1585 565 1645 Index
586 1587 771 1662 indiciorum,
794 1589 998 1664 consiliorum,
1019 1593 1218 1652 narrationum
1241 1600 1295 1652 ete.
1318 1591 1378 1650 Mel
1381 1639 1967 1656 ............
2035 1593 2097 1652 433

370 1671 424 1732 VI.
468 1670 564 1732 Indax
576 1673 701 1734 aliorum
716 1675 869 1736 hominum
891 1694 951 1736 sea.
971 1675 1058 1736 XVI.
1082 1696 1206 1755 quorum
1221 1679 1362 1756 epistolae
1384 1678 1429 1738 vel
1442 1679 1553 1756 scripta
1572 1679 1604 1736 in
1616 1679 1663 1740 hie
1678 1678 1876 1738 voluminibus
1902 1695 1969 1756 pas-

501 1758 557 1817 sim
580 1759 715 1838 leguntur
760 1809 767 1823 .
814 1779 830 1821 .‘
868 1809 1966 1828 ......................
2035 1764 2097 1826 443

459 1844 669 1906 Additamento
689 1848 728 1906 ad
750 1847 947 1925 praefationes
967 1851 998 1910 in
1021 1850 1099 1910 von.
1121 1849 1231 1912 1.-x.
1257 1850 1403 1910 exhibitas
1424 1851 1491 1911 vide
1512 1851 1543 1910 in
1565 1851 1634 1914 vol.
1656 1849 1730 1914 XX.
1754 1871 1783 1930 p.
1804 1853 1864 1912 777
1886 1869 1953 1929 sqq.

205 2133 477 2224 connum
507 2139 752 2226 nmirum
782 2141 1196 2290 mmnnnnonrs
1229 2143 1386 2249 Quas
1417 2142 1741 2258 sunnaeunu
1773 2141 1976 2230 onmia

329 2360 553 2421 Praemonenda
596 2409 1967 2430 ..........................
2034 2367 2093 2428 461

82 2438 165 2500 Liber
187 2441 212 2502 1.
330 2445 385 2518 na,
409 2465 485 2524 qnae
507 2445 575 2505 Met.
599 2447 717 2526 scripsit
738 2465 830 2525 usqne
849 2449 887 2509 ud
909 2469 936 2512 a.
963 2450 1044 2512 1517
1047 2496 1968 2516 ..................
2035 2453 2098 2514 469

81 2524 165 2586 Liber
184 2528 226 2587 II.
332 2531 389 2606 Ea,
412 2551 487 2609 quaa
504 2533 623 2612 scripsit
643 2551 670 2595 a.
686 2533 919 2595 1517-1540.
976 2585 1967 2602 ...................
2034 2540 2096 2600 517

81 2610 164 2674 Liber
179 2613 243 2675 111.
331 2615 386 2690 Ea,
409 2637 485 2696 qnae
506 2619 625 2697 seripsit
646 2637 673 2678 a
696 2621 917 2682 1541-1560.
975 2667 1965 2688 ...................
2034 2625 2096 2686 567

81 2695 164 2760 Liber
184 2701 243 2762 tv.
331 2703 388 2777 Ea,
410 2723 535 2782 quorum
558 2723 653 2766 annus
673 2706 791 2766 nativus
809 2707 924 2768 definiri
945 2727 1005 2768 non
1027 2709 1125 2788 potnit
1191 2757 1690 2774 ..........
1712 2725 1716 2734 ·
1738 2755 1967 2774 .....
2034 2710 2095 2771 649
2179 2716 2180 2719 ’

328 2789 539 2852 Additamento
559 2791 598 2851 ad
618 2791 693 2852 haee
715 2794 846 2854 earmina
868 2794 934 2854 vide
955 2796 988 2854 iu
1005 2795 1072 2856 Vol.
1095 2794 1169 2858 XX.
1192 2815 1222 2875 p.
1245 2793 1307 2857 765
1331 2813 1395 2876 sqq.

561 3083 886 3176 ORATIONFs
917 3070 1161 3176 PHIHPPI
1191 3087 1615 3178 MELANTHONIS.

307 3387 332 3450 r
376 3302 790 3468 witimaro,
808 3356 963 3456 {uvanto
978 3360 1016 3456 t
1033 3359 1312 3477 tunnam
1333 3359 1551 3476 stertas
1571 3359 1802 3477 puna:
1847 3357 1911 3462 1:
1955 3359 1965 3461 ῑ
2031 3312 2093 3461 tt

291 3473 332 3538 Π.
376 3477 518 3556 Alioquin
539 3498 577 3540 ex
600 3480 757 3554 cathedra,
783 3481 944 3559 gratiarnm
967 3485 1117 3559 aetionea,
1138 3493 1168 3544 et
1189 3485 1347 3546 eoneiones
1367 3484 1514 3546 breviores
1534 3483 1663 3545 maxime
1684 3483 1766 3560 aliis,
1794 3503 1860 3544 eum
1882 3483 1963 3544 iuve-

416 3564 503 3625 nibus
523 3574 585 3625 tum
603 3565 783 3628 Ductoribus
800 3569 999 3648 praescriptae
1034 3610 1965 3634 ..................
2030 3571 2093 3632 905

933 3786 1155 3856 VOLUMEN
1193 3788 1250 3856 xl.

275 3937 330 4002 nt
375 3937 630 4016 Declamationea
648 3925 721 4004 'sive
752 3945 901 4008 orationes
927 3947 1118 4025 prolixiores,
1146 3965 1219 4025 quas
1240 3947 1412 4008 Melanthon
1433 3947 1480 4008 vel
1505 3948 1570 4026 ipse
1596 3947 1713 4027 publiea
1740 3947 1889 4021 recitavit,
1918 3947 1966 4007 val

416 4026 483 4086 aliis
503 4027 673 4090 hominibus
694 4031 790 4091 doetis
810 4033 978 4094 recitandas
1000 4029 1121 4094 tradidit
1159 4055 1187 4095 a.
1213 4035 1423 4096 luit-1552
1426 4073 1962 4098 ...........
2074 4033 2094 4094 5

922 4250 1144 4319 vonunffld
1183 4250 1258 4321 Xli.

286 4396 525 4464 Declamationes
546 4423 572 4464 a.
599 4407 818 4468 1553-1560.
873 4450 1586 4474 ..............
1612 4361 1617 4368 α
1632 4450 1965 4474 .......
2074 4411 2095 4470 5

286 4483 511 4566 Propositiones
532 4490 612 4566 Mai,
634 4493 671 4552 de
692 4493 798 4571 quibus
818 4495 851 4554 in
870 4496 1021 4557 academia
1041 4495 1256 4575 Witabmgensi
1276 4495 1395 4576 publiea
1416 4495 1597 4575 disputatum
1618 4506 1662 4556 est
1685 4539 1964 4560 ......
2031 4495 2094 4557 399

286 4571 511 4654 Disputationes
533 4577 716 4656 theologicae
738 4581 770 4640 in
792 4581 895 4642 schola
916 4582 1086 4662 propositae
1107 4590 1137 4641 et
1156 4582 1283 4642 fideliter
1305 4582 1469 4662 explicatae
1488 4601 1508 4642 a
1524 4581 1585 4644 Mal
1586 4626 1962 4645 ........
2030 4579 2092 4640 437

137 4859 387 4950 suanm
417 4867 663 4958 nannum
692 4872 1106 4962 nnnnnnnonrs
1136 4863 1571 4962 Anrnsnoamm
1600 4847 2024 4961 morannum

663 5017 1100 5108 Panosonfflnn
1139 5009 1512 5108 annonarum.

303 5228 327 5288 ι
373 5203 540 5296 dhonon
559 5233 696 5298 canona
750 5287 1962 5307 .......................
2029 5240 2093 5302 mr

1837 5357 1864 5410 K
1871 5357 1889 5392 0
