4770 6100
1069 1327 1122 1464 1.

110 1568 538 1704 munins
586 1567 875 1704 wine
932 1467 1346 1706 rnlnffrl
1394 1518 2120 1708 MELANTHOle.'

928 2167 1089 2236 Anno
1136 2167 1263 2238 1497.

94 2319 137 2404 D·
166 2347 326 2412 16.Ὲ“ὡτ.
353 2351 456 2410 minut
482 2349 499 2408 6
525 2357 593 2430 post
616 2347 720 2408 horam
744 2345 978 2426 pomeridianam
1000 2347 1130 2406 nacitur
1160 2345 1360 2426 Philippus
1391 2343 1633 2410 Schwarserd
1659 2349 1689 2408 io
1714 2347 1834 2431 oppido·
1855 2345 2039 2410 Palatiuatua
2065 2347 2106 2410 ad

97 2436 216 2498 Rhenum
240 2435 414 2510 Bretten,
438 2444 523 2514 patre
547 2432 718 2513 Georgio
740 2431 949 2508 Schwarserd,
967 2451 1115 2494 umorum
1133 2433 1274 2512 magistro
1292 2433 1440 2511 Principis
1463 2433 1592 2496 Palatini
1614 2433 1776 2508 Electoris,
1803 2444 1894 2499 matre
1919 2435 2105 2510 Barbara,

98 2524 149 2584 ilia
166 2525 332 2586 loannis·
346 2523 552 2594 Reutheri,
571 2521 621 2600 qni
639 2529 668 2580 et
685 2520 886 2600 praefecturae
905 2521 1007 2599 oppidi
1025 2539 1144 2580 munere
1168 2540 1220 2599 per
1239 2520 1351 2599 aliquot
1368 2539 1461 2582 anuos
1480 2515 1597 2582 iunctus
1622 2533 1675 2582 est.
1693 2516 1737 2566 ’-
1754 2512 1863 2582 Scribit
1888 2521 2045 2602 Philippus
2068 2519 2121 2582 iu,

100 2611 208 2687 epistola
230 2612 268 2672 ad
294 2611 502 2671 Matthesiumt
528 2617 615 2685 „aute
638 2609 795 2684 sexaginta
819 2625 912 2668 aruns
940 2625 1022 2666 maus
1046 2616 1129 2686 pater
1152 2608 1223 2666 mihi
1248 2607 1375 2668 describi
1399 2611 1541 2688 γενέθλια
1563 2611 1678 2670 curavit
1699 2629 1718 2667 a
1735 2608 1864 2668 Palatini
1887 2609 2104 2684 Mathematioo,

101 2697 151 2756 viro
167 2699 337 2776 ingenioso,
362 2691 564 2769 Haesurto,
587 2695 682 2756 amico
699 2713 764 2755 suo.
809 2695 843 2753 lu
868 2713 904 2754 ea
923 2695 1127 2772 praedictione
1151 2693 1260 2754 diserte
1282 2695 1423 2775 scriptum
1441 2705 1503 2772 est,
1526 2697 1633 2756 itinera
1656 2715 1702 2756 me
1726 2697 1765 2756 ad
1789 2695 1915 2756 Boream
1937 2695 2105 2774 periculose

101 2781 247 2844 habiturum
271 2803 356 2859 esse,
381 2793 480 2842 et'ma
503 2783 535 2842 iu
558 2783 633 2842 mari
660 2781 777 2842 Baltico
798 2781 986 2859 naufragium
1011 2798 1076 2842 esee
1098 2781 1252 2842 iacturum.
1295 2779 1392 2860 Saepe
1420 2776 1544 2842 miraim
1569 2801 1649 2856 sum,
1673 2801 1726 2842 cur
1749 2782 1821 2842 mihi
1838 2792 1909 2842 nato
1931 2784 1962 2843 iu
1979 2783 2106 2842 collibus

102 2865 189 2932 Rheno
205 2873 311 2932 ricinis
329 2869 514 2951 praedixerit
529 2867 661 2948 pericula
676 2870 709 2928 in
727 2871 839 2930 Arctoo
858 2865 987 2930 Oceano.
1032 2867 1099 2928 Neo
1117 2869 1197 2930 volui
1221 2887 1257 2928 eo
1281 2870 1423 2930 accedere
1448 2877 1571 2930 vocatus
1597 2871 1629 2930 in
1652 2869 1838 2930 Britanniam
1860 2870 1941 2930 etin
1964 2869 2104 2930 Daciam.

104 2953 184 3018 deluo
202 2969 301 3019 tamen
319 2959 393 3032 iata
412 2957 605 3017 etiamsinon
624 2975 690 3017 mm
707 2951 854 3017 Stoicus.‘¹
1418 2983 1421 2992 ¹
1479 2978 1484 2991 ¹
1827 2969 1830 2979 “
1888 2984 1892 2994 ·
2025 2967 2028 2977 “
2095 2976 2099 2993 ¹

928 3116 1257 3242 Anno'rcor.
1613 3138 1616 3148 ’
1991 3137 2060 3256 ζ,“

236 3337 276 3398 D.
296 3338 349 3397 st.
369 3333 436 3396 Oct
456 3336 578 3396 moritur
595 3347 678 3414 pater
697 3335 829 3416 Philippi
847 3353 883 3394 ea
899 3335 937 3394 de
954 3353 1053 3410 causa
1072 3343 1105 3394 ut
1121 3334 1286 3410 ferebatur,
1305 3337 1385 3415 quod
1403 3358 1430 3396 a
1454 3339 1545 3398 1504.
1564 3337 1744 3412 Monhemii,
1763 3337 1813 3398 nbi
1837 3356 1921 3398 arma
1936 3337 1975 3397 ad
1997 3337 2106 3398 ballum

114 3421 222 3498 ρπιδιι,
243 3443 282 3484 ex
299 3433 393 3504 puteo
412 3441 525 3483 veneno
542 3423 652 3482 infecto
671 3422 801 3484 bibisset
847 3421 978 3501 Reliquit
995 3417 1162 3500 Georgius,
1185 3431 1302 3500 praeter
1319 3423 1506 3502 Philippum,
1528 3425 1622 3484 lilium
1646 3421 1864 3506 Georgium,
1889 3423 2108 3504 Philippo'mi·

112 3517 186 3567 utrem
206 3512 290 3571 annm
308 3528 372 3570 non
389 3527 509 3588 prorsus
526 3517 671 3588 quatuor,
696 3519 726 3570 et
744 3517 804 3569 tres
828 3508 920 3581 filiae,
949 3526 1025 3587 quos
1053 3519 1139 3590 patre
1156 3510 1275 3570 orbatoe
1292 3529 1365 3570 avus
1388 3511 1553 3570 loannes
1577 3510 1765 3584 Reutlrer,
1790 3511 1840 3590 qui
1865 3511 1968 3571 eodem
1991 3529 2108 3590 quoque

113 3603 171 3651 tuno
191 3597 270 3671 obiit,
288 3597 370 3676 apud
388 3615 421 3656 se
439 3597 558 3656 educari
578 3596 679 3657 voluit
1565 3603 1573 3612 '

588 3692 592 3709 .
1995 3678 2028 3726 ..ε

884 3769 888 3777 ’
931 3817 1092 3884 suno
1135 3817 1263 3889 nuos.

139 4055 145 4068 ι
236 3957 361 4053 ’,ῥαιίω
379 3978 410 4036 iu
427 3977 527 4037 ludum
547 3951 694 4056 pubiiiom
713 3979 899 4064 mitterentur
918 3976 1062 4056 pueri-illi
1080 3977 1186 4042 iratres
1204 3977 1301 4066 coepit
1324 3973 1467 4040 turnines
1485 3929 1703 4068 ioeip'pee'pini
1728 3949 1872 4046 homines
1890 3975 1920 4036 in
1938 3953 2111 4070 ‘qcrpuania

112 4071 215 4128 lunum
231 4063 389 4140 invadere,
410 4073 439 4123 et
461 4067 597 4124 miserum
622 4065 652 4122 in
671 4063 788 4125 modum
815 4084 874 4124 non
899 4063 995 4124 solum
1021 4063 1238 4138 excruciando,
1260 4065 1313 4123 sed
1337 4063 1518 4136 mutilando,
1543 4075 1571 4124 et
1597 4061 1728 4124 membra
1753 4061 1939 4140 depascendo
1964 4063 2111 4142 affligere,

112 4153 181 4212 illm
202 4145 419 4229 Hispanicum
450 4151 599 4224 nonnulli,
626 4151 762 4229 plerique¹
784 4149 945 4212 Gallicam
975 4151 1176 4210 nominabant.
1228 4149 1295 4225 Quo
1325 4151 1403 4209 malo
1436 4169 1525 4227 quum
1555 4153 1728 4230 Magistrum
1759 4151 1821 4209 ludi
1852 4168 1925 4210 avus
1954 4169 2110 4230 puerorum

113 4237 239 4293 Mtteruus
264 4235 400 4298 laborare
424 4237 607 4310 rescivisset,
632 4239 837 4316 contagionem
861 4247 1011 4308 metuens,
1035 4223 1266 4316 steepotes'domix
1281 4239 1360 4316 apud
1385 4227 1417 4296 se
1441 4238 1610 4298 retinendos
1634 4239 1748 4299 duxit.“
1796 4232 1959 4314 (Cameren.
1984 4239 2014 4296 in
2041 4237 2111 4296 Vita
2173 4249 2178 4258 '

113 4307 209 4410 liti-p.
228 4321 269 4398 6.)
313 4323 526 4403 Praeceptores
549 4323 652 4383 habuit
673 4343 752 4384 nunc
780 4325 957 4384 loannem
986 4323 1202 4404 Hungarum
1226 4334 1255 4382 et
1280 4322 1479 4402 Georgium
1503 4322 1714 4398 Simlerum,
1745 4324 1822 4384 ludis
1846 4323 2023 4386 Phoroensis
2048 4324 2110 4383 Ma·

113 4407 224 4470 stiram
247 4405 251 4416 '
273 4409 321 4468 De
345 4411 491 4488 liunguro
514 4416 645 4492 (mortuo
669 4427 747 4471 anno
778 4413 883 4487 1553.)
905 4411 1077 4471 Melanthou
1101 4413 1131 4470 in
1151 4411 1300 4490 Explicat.
1321 4411 1465 4488 Evangel.
1488 4407 1578 4471 Dona.
1604 4414 1641 4489 μ’
1658 4413 1740 4471 sot.»
1755 4410 1789 4470 P.
1806 4409 1867 4470 ιῙΗ.
1892 4411 1965 4470 haee
1987 4419 2111 4472 testatas

115 4493 161 4540 ⁸⁸12
178 4491 254 4569 ,Ego
271 4495 363 4557 habui
378 4507 614 4576 praeceptorem,
633 4500 685 4576 qui
703 4497 925 4557 luit'excellons
943 4499 1161 4576 grammaticus.
1180 4531 1223 4544 -—
1242 4497 1297 4556 llle
1315 4497 1414 4576 adegit
1434 4515 1483 4556 me
1506 4499 1543 4556 ad
1563 4496 1812 4570 Grammaticsm,
1837 4507 1865 4556 et
1882 4499 1925 4556 lta
1941 4497 2055 4576 adegit,
2079 4505 2112 4556 ut

116 4579 324 4643 wnsnuctionea
347 4585 489 4644 lacerem:
515 4586 643 4663 cogebar
660 4586 784 4645 reddere
801 4585 921 4664 regulas
939 4585 1167 4644 constructionis
1186 4601 1240 4662 per
1255 4603 1357 4645 versus
1375 4585 1530 4644 Mantuani
1549 4586 1590 4646 20
1609 4593 1660 4644 aut
1675 4589 1730 4646 30.
1776 4584 2111 4662 Nilril‘patiabatarme

117 4657 243 4750 imiimi
263 4673 379 4744 quoties
402 4674 533 4731 errabam
552 4673 641 4731 dabat
659 4671 762 4751 plagae
781 4673 862 4746 mihi,
880 4679 909 4731 et
927 4681 1024 4730 tamen
1045 4691 1080 4730 aa
1096 4672 1306 4745 moderatione,
1325 4679 1484 4750 quaeerit
1500 4661 1690 4732 consedisse.
1725 4671 1782 4729 ·lta
1804 4687 1854 4729 ma
1870 4671 1938 4755 lecit
1951 4657 2111 4731 Grammi-

118 4743 200 4805 tcum.
239 4753 309 4814 Erat
325 4760 371 4818 vir
388 4761 527 4838 optimus,
546 4759 649 4819 dilexit
666 4779 713 4819 me
732 4767 764 4818 ut
780 4760 882 4833 filium,
901 4769 931 4817 et
948 4775 1004 4836 ego
1022 4775 1087 4818 eum
1107 4767 1139 4818 ut
1156 4763 1299 4836 petrem.“
1534 4773 1537 4783 “
1781 4766 1789 4788 ¹
1867 4780 1870 4791 ·

130 4909 135 4921 Ι
248 4837 293 4900 De
310 4845 410 4905 indole
429 4857 457 4904 et
483 4846 587 4906 studiis
612 4845 744 4924 Philippi
769 4847 825 4904 hoc
847 4859 980 4923 tempore
1005 4843 1191 4906 Camerarius
1214 4846 1244 4904 in
1268 4845 1329 4904 vita
1354 4843 1552 4904 Melanthonis
1575 4845 1662 4908 hesct
1691 4843 1841 4918 ,Eminuit
1863 4841 2112 4904 statiminfflhi·

120 4905 186 4990 '¹99⁰
201 4933 371 4998 prenuntia
388 4933 508 5012 ingenii,
528 4932 609 5012 quod
627 4941 657 4992 et
674 4931 809 4992 celeriter
826 4934 989 5010 perciperet
1010 4941 1097 5010 atque
1116 4933 1379 5010 comprehenderet
1395 4949 1472 5006 quae
1488 4931 1699 5003 tradebantur,
1722 4940 1751 4988 et
1768 4931 1894 4990 fideliter
1918 4931 2110 5003 meminisset,

58 5053 59 5060 ,
120 5003 144 5050 et
156 4997 254 5079 liquido
271 5033 418 5095 exponere
436 5019 487 5078 illa
505 5020 603 5080 sciret
647 5017 748 5098 thue
765 5021 798 5078 fit
819 5020 850 5078 in
867 5020 1021 5098 generosis
1043 5020 1164 5092 animia,
1190 5020 1220 5078 iu
1247 5019 1349 5098 puerili
1372 5027 1434 5078 tuni
1458 5019 1546 5078 etiam
1571 5027 1666 5077 aetate
1690 5017 1849 5076 admodum
1873 5017 2025 5094 quiescere
2049 5035 2110 5076 non

60 5299 64 5384 l

62 5521 65 5586 i

123 5089 231 5166 meliis
248 5101 297 5159 ted
313 5107 471 5181 quaerebat
491 5107 599 5183 ubique
617 5106 755 5184 aliquem,
774 5125 840 5166 oum
859 5125 918 5185 quo
935 5107 972 5168 de
983 5106 1288 5186 puditisldispntaspt
1332 5105 1379 5164 lia
1403 5113 1486 5164 eraut
1502 5105 1640 5164 nimirum
1665 5115 1823 5183 praecepta
1847 5105 1919 5164 artis
1943 5106 2111 5182 grammffi-

124 5181 165 5260 ,Μ
179 5183 204 5234 et
219 5182 297 5246 initia
312 5195 456 5253 sermonis
474 5193 568 5252 latini.
588 5227 630 5238 —
648 5191 821 5252 Ferventior
837 5194 1041 5271 incitatiorqne
1063 5195 1094 5252 iu
1114 5213 1150 5252 eo
1168 5195 1284 5252 animus
1300 5193 1422 5254 immitis
1439 5201 1491 5250 sut
1515 5209 1622 5250 suevus
1647 5209 1706 5250 non
1730 5191 1800 5263 tuit,
1826 5209 1950 5269 comque
1972 5201 2050 5250 esset
2072 5193 2111 5252 ad

125 5264 278 5330 ”mim
294 5279 516 5354 monuerint
537 5289 637 5339 umen
661 5279 731 5349 ierit
754 5297 884 5356 unquam
906 5281 1189 5356 manuumque
1210 5277 1760 5358 imigsomvhssasctdsiosanitatem,
1781 5279 1971 5340 utrumnum
1990 5295 2118 5357 magno-

303 5409 448 5457 smnus.
468 5415 552 5458 OPRB.
572 5415 635 5457 von
655 5413 756 5458 nvln.
1880 5402 1904 5448 Δ
