4770 6100
909 221 1099 348 usuratu
1123 277 1445 350 ammons
1471 275 1634 346 ornas.
2208 283 2242 352 a

489 495 560 539 raro
582 475 717 538 homines
738 473 920 554 peregrinos,
941 490 1016 552 qnos
1037 471 1085 532 rel
1106 472 1199 532 semel
1218 473 1349 548 viderat,
1370 473 1402 532 in
1424 471 1559 532 intimam
1578 472 1677 531 statim
1699 471 1848 552 recepisse
1868 471 2109 547 familiaritatem,
2134 493 2179 535 eos
2195 476 2245 537 nbi·

492 582 550 642 qua
567 561 795 634 commendasse,
816 560 912 636 iisque
934 567 964 618 et
985 577 1086 620 eorum
1107 557 1226 618 familiis
1245 560 1327 620 omni
1347 560 1435 620 modo
1455 558 1636 634 subvenisse,
1658 565 1691 617 ut
1709 557 1879 638 Dryandro,
1895 557 2059 636 langueto,
2079 557 2120 622 lo:
2132 558 2245 637 alarin,

490 647 734 726 Herdenbargio,
756 643 921 726 Langaeis,
943 639 1114 706 Cranmcro.
1157 643 1269 705 Nescio
1298 664 1337 704 an
1366 645 1510 704 eiusmodi
1531 643 1714 704 familiaritas
1735 645 1823 704 unice
1845 651 1950 704 exem
1970 644 2011 704 sit
2029 643 2076 704 vel
2101 663 2137 704 ex
2155 647 2247 707 artm-

492 733 547 794 bcs
568 735 673 794 horum
694 733 846 795 hominnm
867 732 917 792 vel
937 751 976 790 ex
992 731 1072 792 fama
1094 739 1124 790 et
1145 729 1279 790 doctrina
1299 730 1506 794 Melantbonis.

535 819 662 894 Quidam
685 817 935 880 cementariorum
956 818 1051 877 nostri
1070 817 1137 876 aevi
1157 817 1299 894 scriptum
1315 816 1388 876 illud
1411 815 1588 880 Coloniense
1609 823 1769 894 propterea
1795 823 1949 894 suspectae
1972 815 2042 875 ddei
2068 834 2128 878 esse
2151 826 2249 878 conter-

489 907 607 980 derunt,
626 907 706 983 quod
727 903 852 978 mansio,
875 921 950 980 quae
972 903 1101 962 Eboraci
1123 900 1238 980 (Yorlr)
1258 903 1323 978 fuit,
1345 921 1406 963 nou
1429 911 1682 976 commemoratur,
1705 921 1794 980 quum
1815 901 1885 962 libri
1905 897 2151 963 Cementariornm
2168 922 2250 964 nmen·

491 993 583 1052 tiores
609 992 773 1064 affirmant,
800 990 984 1050 mansionem
1010 989 1228 1048 Eboracensem
1255 1007 1320 1048 esse
1347 989 1580 1066 antiquissimam
1609 997 1638 1046 et
1663 995 1784 1048 matrem
1820 989 1950 1050 omnium
1978 987 2108 1050 aliarum.
2148 992 2186 1048 At
2206 989 2251 1050 boo

364 1140 366 1148 ,
490 1079 580 1138 fidem
600 1077 703 1157 scripti
724 1077 805 1136 illins
825 1077 925 1154 potius
946 1083 1114 1154 propugnat
1132 1093 1220 1152 quam
1241 1075 1383 1152 inii-ingit
1429 1072 1462 1136 Si
1483 1076 1562 1136 enim
1583 1076 1683 1134 lictum
1706 1083 1783 1134 esset
1803 1075 1842 1133 ab
1862 1076 2021 1152 impostore
2038 1073 2126 1134 seculi
2145 1073 2252 1150 xvm,

491 1165 542 1224 ille
562 1164 642 1224 band
663 1163 750 1223 dubie
771 1163 953 1222 mansionem
970 1160 1199 1232 Eboracensem,
1221 1161 1331 1238 qnippe
1353 1161 1596 1238 antiquissimam,
1619 1161 1706 1218 etiam
1727 1161 1945 1237 adsumpsisset,
1974 1159 2022 1219 rel
2050 1161 2122 1222 adeo
2145 1179 2252 1220 concen-

492 1259 554 1310 tum
576 1269 637 1312 uon
665 1248 810 1310 Coloniae
838 1249 891 1307 sed
918 1247 1046 1306 Eboraci
1073 1246 1206 1304 habitum
1235 1263 1301 1306 csse
1327 1247 1479 1319 finxisset,
1507 1255 1540 1307 ut
1566 1266 1683 1308 omnem
1708 1247 1856 1307 mendacii
1883 1247 2079 1325 suspicionem
2104 1255 2253 1308 removeret

492 1335 591 1411 Quum
614 1345 712 1396 antem
733 1335 900 1394 Eboracum
922 1332 1011 1412 plane
1029 1351 1091 1412 non¹
1108 1339 1361 1407 commemoretur,
1378 1333 1537 1394 verisimile
1553 1334 1596 1408 fit,
1614 1343 1764 1394 auctorem
1781 1333 1883 1413 scripti
1899 1334 2091 1393 recentiorem
2108 1333 2252 1412 opinionem

492 1423 530 1481 de
552 1421 725 1502 antiquitate
748 1419 910 1480 mansionis
931 1417 1129 1478 Eboracensis
1149 1437 1210 1476 non
1233 1420 1417 1495 cognovisse.

535 1505 673 1586 Denique
694 1517 806 1580 autem,
828 1525 867 1566 ne
887 1505 959 1582 qnid
979 1513 1077 1582 tegere
1100 1503 1175 1562 velle
1197 1504 1310 1578 videar,
1331 1505 1410 1582 quod
1431 1507 1603 1580 invenerim,
1625 1505 1780 1566 dicendum
1796 1505 1869 1564 mibi
1887 1514 1933 1564 est
1949 1503 2099 1564 deitinere
2113 1504 2252 1582 legatorum

491 1597 733 1672 Augustanornm
755 1611 857 1652 manse
878 1591 964 1650 Iunio
986 1599 1016 1648 et
1036 1590 1112 1650 lulio
1134 1590 1222 1649 buius
1243 1591 1320 1649 anni
1363 1591 1425 1650 Res
1446 1591 1489 1650 ita
1510 1591 1661 1652 sehabet.
1702 1587 1829 1652 Senatum
1851 1593 2044 1670 Augustanus
2064 1591 2172 1670 legatos
2191 1609 2252 1650 anno

496 1681 588 1740 1535.
606 1681 686 1741 misit
707 1679 905 1756 Vitebergam,
925 1673 1136 1756 Geryonem
1158 1671 1356 1754 Scylernm
1378 1685 1407 1736 et
1428 1673 1537 1757 Oasp.
1560 1677 1762 1752 Huberum,
1789 1686 1823 1736 ut
1843 1675 2069 1737 cum-Lntbem
2094 1685 2203 1754 agerem
2224 1678 2253 1736 da

493 1765 593 1827 litibus
614 1769 652 1826 de
672 1783 757 1826 sacra
778 1783 880 1834 coena,
901 1764 1057 1840 Augustae
1078 1763 1168 1836 ortis,
1191 1763 1371 1824 dirimendis.
1417 1761 1552 1842 Digresai
1581 1765 1808 1842 snnt'Angnsta
1829 1762 2051 1824 Vindelicornm
2072 1764 2101 1824 d.
2124 1763 2168 1822 31.
2191 1760 2253 1823 Iunii

495 1851 592 1926 1035,
624 1863 653 1912 et
674 1853 799 1928 primum
830 1849 941 1926 aliquot
968 1851 1032 1908 dies
1062 1849 1234 1908 commorati
1259 1858 1328 1909 snut
1355 1845 1576 1928 Norinbergae,
1598 1849 1649 1910 ubi
1675 1869 1731 1928 per
1757 1848 1906 1911 Wancesl.
1933 1847 2093 1910 Linokium
2118 1849 2254 1910 Lntbernm

492 1938 645 1998 candorem
665 1937 797 1998 saeuum
823 1937 860 1996 de
888 1953 942 1995 sno
969 1935 1099 1994 adventu
1123 1945 1153 1994 et
1181 1934 1315 1995 oonsilio.
1360 1933 1422 2012 Ipsi
1448 1936 1555 1996 deiude
1583 1937 1732 2014 progressi
1759 1945 1903 1995 renuunt
1932 1936 2122 2014 Vitebcrgam
2146 1945 2254 2014 tempora

490 2025 669 2102 vespertino,
691 2024 848 2100 statimque
870 2023 1007 2080 adierunt
1028 2021 1257 2094 Melantbonem,
1279 2021 1331 2098 qni
1348 2039 1400 2080 eos
1420 2030 1540 2098 postero
1561 2024 1610 2083 die
1632 2041 1718 2082 mano
1739 2023 1825 2081 duxit
1846 2024 1885 2082 ad
1908 2021 2081 2082 Lntbernm.
2124 2020 2193 2083 Gom
2210 2039 2255 2098 quo

489 2108 580 2187 legati
601 2119 757 2188 postquam
778 2107 940 2187 colloquuti
958 2107 1085 2182 haunt,
1106 2106 1231 2186 proiecti
1247 2115 1317 2166 snut
1344 2105 1553 2188 Lnneburgum
1579 2109 1618 2168 ad
1641 2108 1839 2168 Ernestum
1860 2106 1991 2182 Ducem,
2020 2129 2109 2188 quem
2130 2115 2255 2186 rogarent,

489 2203 522 2255 nt
542 2193 696 2256 Urbanum
717 2195 861 2278 Regium,
883 2193 1056 2271 theologum
1075 2211 1176 2268 mum,
1198 2195 1364 2269 Angustam
1383 2211 1449 2252 cnm
1468 2195 1544 2274 ipsis
1571 2196 1653 2255 abire
1678 2201 1839 2273 pateretur.
1883 2192 1945 2256 Sed
1971 2213 2005 2253 re
2034 2195 2156 2268 iniecta,
2181 2211 2255 2272 quan·

488 2279 1036 2443 malititfiltsffi
1054 2278 2256 2446 littifflldiititii.iiiimxiiii*tf

488 2453 591 2524 thero,
613 2453 803 2516 Melantbone
825 2463 855 2513 et
875 2453 952 2514 Iona
971 2453 999 2512 d.
1019 2454 1048 2512 d.
1070 2453 1119 2512 19.
1141 2459 1171 2510 et
1194 2451 1244 2511 30.
1266 2449 1337 2510 Iulii
1359 2453 1503 2530 acceptis,
1531 2455 1699 2532 Augustam
1724 2453 1888 2526 redieram,
1917 2471 1976 2530 qno
2006 2456 2096 2514 etiam
2123 2453 2255 2512 Forstens

489 2557 522 2600 se
543 2541 677 2614 contulit,
700 2542 751 2618 qui
772 2551 871 2600 umen
890 2540 933 2600 ibi
954 2559 1015 2599 uon
1038 2537 1215 2598 concordiae
1237 2538 1363 2610 studuit,
1385 2539 1438 2598 sed
1459 2557 1531 2599 mox
1554 2540 1696 2600 exaurit
1716 2546 1799 2599 anta
1817 2540 1949 2614 dissidia,
1971 2549 2004 2598 nt
2022 2557 2102 2600 anno
2116 2537 2201 2600 1538.
2214 2538 2254 2598 ite·

488 2645 554 2686 rum
575 2645 595 2685 a
615 2625 726 2688 Senatu
745 2629 950 2688 dimitteretur.
972 2660 1015 2672 -
1036 2623 1158 2702 Duplex
1177 2625 1308 2684 narratio
1330 2625 1421 2684 totius
1445 2627 1557 2704 negotii
1582 2627 1713 2686 nondum
1738 2627 1832 2699 edita,
1861 2625 1914 2686 ssd
1943 2625 2072 2703 scripta,
2098 2625 2210 2684 babetur
2232 2624 2255 2682 in

484 2708 564 2773 (lod.
588 2711 680 2774 Goth.
703 2715 740 2775 91
764 2715 796 2773 in
817 2713 906 2786 folio,
927 2711 1022 2772 altera
1042 2730 1061 2769 a
1081 2707 1195 2771 Senatu
1216 2713 1393 2788 Augustano
1416 2711 1463 2770 vel
1484 2732 1503 2771 a
1529 2711 1796 2774 Concionatoribns
1816 2711 2015 2790 Augustanis,
2039 2712 2132 2772 altera
2157 2729 2175 2770 a
2198 2700 2257 2770 sort

489 2806 568 2859 atero
588 2799 655 2876 ipso
675 2801 707 2858 in
727 2800 776 2859 sui
795 2799 996 2860 defensionem
1014 2797 1125 2876 scripta
1146 2815 1224 2857 anno
1250 2797 1341 2857 15³9.
1384 2794 1421 2856 In
1448 2798 1541 2876 priori
1568 2801 1753 2874 narratione,
1780 2815 1857 2878 quaa
1882 2798 1992 2877 ubique
2020 2799 2081 2858 tide
2109 2797 2255 2876 dignissima

490 2902 556 2944 essa
576 2885 701 2960 videtur,
719 2905 780 2947 non
801 2885 922 2960 dicitnr,
938 2903 997 2962 qno
1019 2884 1067 2944 dic
1087 2882 1179 2960 legati
1205 2882 1396 2960 Vitebergam
1417 2885 1566 2959 venerint,
1587 2883 1751 2945 Lutbernm
1769 2883 1896 2944 adierint
1917 2892 1947 2944 et
1967 2881 2175 2963 Lnneburgum
2194 2882 2254 2942 abis

488 2971 563 3042 rint;
583 2971 615 3030 iu
637 2971 730 3032 altera
748 2979 856 3046 antem,
877 2969 1017 3046 Forsteri,
1039 2959 1208 3030 uariatione
1230 2967 1321 3047 legati
1343 2970 1478 3030 diomtnr
1504 2971 1533 3031 d.
1559 2974 1586 3032 1.
1607 2970 1678 3032 Iulii
1706 2971 1896 3048 Vitebergam
1918 2971 2038 3032 venisse
2060 2980 2091 3032 et
2116 2968 2253 3038 llehutbo

488 3075 557 3116 nam
575 3057 694 3119 adhsae.
738 3058 838 3118 Dubio
858 3065 956 3118 autem
978 3059 1030 3118 vix
1052 3065 1147 3129 caret,
1175 3053 1345 3114 Eorsternm
1374 3055 1449 3116 haec
1476 3075 1516 3118 ax
1540 3059 1682 3119 memoria
1702 3057 1866 3136 ¹scripsisse
1894 3065 1924 3116 et
1947 3075 2080 3132 amasse,
2107 3057 2182 3136 qnod
2204 3061 2254 3133 poa

489 3152 614 3221 quatuor
635 3163 730 3206 annos
749 3143 836 3205 iacile
857 3145 922 3204 fleri
942 3145 1049 3224 potuit.
1093 3141 1226 3202 Primum
1246 3143 1335 3216 enim,
1356 3159 1445 3218 quum
1471 3143 1562 3224 legati
1586 3145 1774 3206 advenissent
1800 3143 1837 3204 da
1866 3141 2007 3204 Forstero
2035 3144 2176 3204 mineum
2198 3157 2252 3198 uon

488 3231 558 3292 dum
580 3231 741 3309 cogitatum
761 3241 821 3306 est,
843 3232 896 3291 sed
915 3239 1034 3311 postea,
1057 3247 1146 3307 qnnm
1169 3226 1309 3289 Urbanus
1331 3227 1444 3306 Regius
1470 3227 1576 3308 legatis
1602 3231 1764 3308 denegatus
1792 3229 1897 3289 fuera.
1940 3229 2038 3290 Porro
2066 3228 2252 3292 Eorstarntti

490 3317 523 3378 in
544 3317 612 3377 aliis
630 3318 772 3378 memoria
791 3318 878 3378 valde
898 3317 1001 3398 lapsus
1023 3325 1078 3390 est,
1101 3325 1130 3376 et
1152 3315 1280 3393 scripsit,
1300 3311 1454 3393 Scylerum
1476 3334 1543 3376 cnm
1564 3317 1630 3395 ipso
1653 3318 1749 3394 egisse
1769 3317 1797 3376 d
1820 3315 1870 3375 33.
1893 3313 1989 3386 Iunii,
2018 3334 2110 3394 quum
2130 3309 2254 3374 tamenid

491 3421 552 3463 non
580 3403 638 3464 nisi
659 3405 689 3464 d.
716 3404 767 3465 37.
796 3404 845 3465 vel
867 3405 920 3464 30.
940 3403 1010 3465 Iulii
1026 3403 1091 3462 fleri
1117 3403 1254 3480 potuerit.
1299 3401 1447 3462 Videntur
1471 3404 1571 3482 potins
1600 3403 1693 3480 legati
1719 3404 1748 3462 d.
1777 3404 1807 3464 9.
1837 3401 1885 3462 vel
1916 3401 1965 3462 10.
1993 3401 2067 3463 Iulii
2092 3399 2254 3476 Vitebergan

491 3489 617 3550 venisse.
661 3487 782 3550 Certum
803 3497 856 3564 eet,
876 3507 928 3550 eos
948 3493 1116 3568 Augustam
1136 3488 1292 3566 reliquisse
1314 3489 1344 3548 d.
1367 3491 1418 3549 31.
1438 3485 1526 3548 Iunii.
1570 3487 1664 3550 Nullo
1685 3489 1776 3567 igitur
1797 3488 1886 3548 modo
1907 3497 1977 3548 ante
1998 3489 2028 3548 d.
2053 3489 2105 3550 33.
2127 3487 2188 3548 lun.
2206 3481 2254 3542 No·

491 3575 659 3655 rinbergam
680 3577 782 3638 venire
802 3585 970 3656 potnerunt.
1004 3573 1125 3636 Certum
1146 3583 1201 3647 est,
1221 3574 1290 3636 illos
1311 3573 1517 3652 Norinbergae
1536 3575 1649 3652 aliquot
1670 3576 1733 3634 dies
1751 3575 1936 3648 consedisse,
1956 3575 2027 3652 qnia
2047 3595 2103 3654 per
2120 3570 2254 3632 Linckinn

379 3725 385 3738 ,
491 3659 617 3722 Lutheri
638 3665 779 3738 animuum
800 3665 883 3741 prius
905 3683 994 3742 qnam
1014 3663 1197 3733 advenirent,
1217 3661 1379 3739 propitium
1400 3659 1574 3721 sibilacere
1595 3661 1741 3722 volebant.
1786 3661 1862 3721 'lies
1878 3661 1968 3739 igitur
1994 3661 2060 3720 dies
2085 3653 2255 3720 hauddubie

493 3749 702 3822 substiterunt,
729 3749 776 3809 vel
803 3751 891 3809 etiam
920 3757 1055 3827 quatuor.
1097 3747 1245 3808 Abierant
1263 3748 1355 3825 igitur
1376 3747 1406 3806 d.
1429 3747 1480 3806 36.
1505 3747 1736 3810 sel97.1cnii.
1781 3746 1878 3822 Quum
1901 3754 1999 3806 antem
2026 3745 2208 3822 Norinbsrga
2223 3739 2256 3798 di·

491 3835 587 3913 gressi
608 3854 669 3896 non
691 3843 759 3894 ante
781 3837 913 3914 quintum
937 3835 985 3896 vel
1006 3835 1081 3896 adeo
1103 3841 1221 3894 sextum
1242 3833 1320 3892 diem
1340 3833 1527 3910 Vitebergam
1546 3835 1647 3894 venire
1666 3834 1825 3914 potuerint,
1846 3834 2033 3892 statuendum
2056 3843 2117 3907 est,
2140 3849 2187 3890 eos
2203 3833 2256 3885 ana

492 3920 521 3979 d.
544 3919 573 3980 3.
591 3921 637 3980 vel
660 3921 975 4000 3.1uliivitabargaa
997 3939 1144 3981 essenon
1166 3919 1307 3998 potuisse.
1353 3919 1520 3981 Verisimile
1544 3927 1643 3980 autem
1666 3929 1732 3995 est,¹
1749 3938 1800 3980 sos
1822 3919 1938 3979 demum
1962 3921 1990 3978 d.
2016 3921 2046 3982 9.
2069 3917 2138 3978 lulii
2161 3929 2257 3990 vesper·

492 4007 556 4066 tino
577 4000 709 4085 tempore
730 4008 895 4078 advenisse,
917 4027 1007 4085 quum
1028 4026 1126 4085 neque
1150 4001 1299 4068 Lutherui
1324 4005 1355 4066 in
1382 4024 1427 4083 ep.
1457 4007 1495 4065 ad
1522 4005 1692 4086 Principem
1719 4006 1886 4067 Electorem
1914 4005 1944 4066 d.
1965 4007 1994 4066 d.
2019 4006 2049 4066 9.
2074 4003 2258 4077 1uhi‚nsqaa

493 4092 666 4154 Melanthon
687 4095 719 4152 in
741 4112 787 4171 ep.
810 4095 848 4152 ad
870 4091 1023 4154 Gamerar.
1046 4095 1073 4154 d.
1097 4097 1127 4156 7.
1150 4093 1220 4162 lulii
1241 4093 1332 4154 ullam
1348 4093 1436 4152 buius
1455 4091 1614 4172 legationis
1634 4094 1814 4154 mentionem
1835 4091 1966 4153 fecerim.
2010 4092 2075 4152 Res
2095 4090 2211 4152 formae
2229 4081 2258 4141 ad

493 4179 637 4256 liquidum
664 4179 786 4258 pmdnci
812 4189 929 4258 posset,
951 4182 978 4241 si
1002 4181 1099 4240 adbuc
1122 4187 1270 4258 superstes
1299 4187 1377 4260 esset
1404 4177 1529 4257 epistola
1554 4177 1679 4239 Lutberi
1708 4180 1746 4240 ad
1773 4179 1932 4238 Ernestnm
1960 4169 2076 4238 Dubem
2099 4174 2258 4245 nundum..

494 4283 583 4342 qnam
604 4265 710 4342 legatis
727 4267 909 4344 Augustanus
930 4267 1019 4328 dedit.
1062 4267 1224 4326 Rediernnt
1244 4265 1335 4344 legati
1363 4266 1400 4325 ab
1426 4265 1553 4326 Ernesto
1581 4265 1667 4325 Duos
1693 4265 1754 4324 iere
1780 4266 1810 4326 d.
1841 4265 1891 4326 19.
1917 4263 1987 4337 lui,
2021 4283 2112 4342 quum
2136 4255 2259 4339 epistola

493 4349 617 4411 numeri
639 4352 774 4426 ethici,
796 4353 901 4431 legatis
922 4354 1063 4432 traditae,
1084 4355 1211 4432 scriptae
1231 4353 1290 4414 sint
1309 4353 1338 4412 d.
1362 4352 1413 4413 30.
1437 4359 1467 4410 et
1489 4353 1540 4412 31.
1563 4350 1641 4412 lulii.
1680 4353 1838 4411 Attamen
1857 4351 1882 4409 ai
1905 4350 1951 4409 vel
1973 4351 2064 4410 fidem
2083 4349 2186 4408 habeas
2205 4357 2258 4401 aar·

495 4437 604 4496 rationi
626 4437 756 4498 Eorsteri
777 4446 807 4498 et
827 4449 923 4518 putes,
944 4439 1059 4517 legatos
1081 4439 1108 4498 d
1134 4444 1161 4500 1.
1183 4439 1252 4498 Iulii
1272 4439 1440 4517 vespertino
1467 4446 1600 4516 tempore
1626 4437 1816 4516 Vitebergam
1839 4437 1956 4495 veniam
1975 4447 2064 4514 atque
2091 4433 2186 4494 statim
2208 4425 2258 4488 lit·

396 4573 398 4580 .
493 4522 664 4582 leuthonem
686 4525 805 4598 adiisse,
822 4533 921 4586 umam
941 4525 1131 4599 Melanthon,
1150 4526 1177 4586 si
1198 4526 1296 4587 statim
1318 4533 1387 4605 post
1408 4533 1584 4586 conventum
1604 4523 1679 4582 abiit
1699 4521 1841 4592 Colonia,
1858 4539 1953 4602 nsque
1973 4522 2011 4582 ad
2033 4523 2063 4582 d.
2089 4525 2117 4582 1.
2139 4517 2199 4578 Iulii
2217 4513 2258 4571 (1⁰-

494 4629 574 4670 murn
591 4609 688 4668 redire
749 4613 815 4670 tuit.

264 4693 333 4762 lun.
383 4699 437 4762 33.
458 4697 670 4757 lionasterium
692 4631 903 4759 hiowestialia
925 4707 1119 4778 expugnator.

265 4781 324 4848 lat
409 4779 629 4848 temerario
651 4783 771 4856 suadet,
794 4792 827 4843 nt
846 4803 878 4844 se
899 4785 1032 4846 mutarat
1051 4783 1228 4864 ihbingam.

457 4869 499 4930 D.
519 4872 548 4933 9.
571 4871 619 4930 vel
641 4871 691 4931 10.
712 4867 781 4930 Iulii
801 4872 893 4949 legati
914 4871 1081 4950 Augustani
1102 4879 1171 4930 sunt
1191 4870 1379 4947 Vitsbergae.
1742 4907 1745 4910 >

383 4957 434 5020 18.
457 4953 570 5016 Restm
589 4955 770 5016 Academiae
790 4957 887 5018 Viteb.
907 4958 1019 5021 indicat
1035 4957 1230 5028 scholasticis,
1251 4955 1355 5015 lanam
1377 4955 1504 5015 cundum
1526 4971 1592 5015 esse
1612 4952 1781 5014 doctoribus
1803 4960 1834 5012 st
1854 4951 1996 5013 studiosis
2012 4959 2137 5032 propter
2152 4949 2261 5026 pestem
2343 4900 2352 5065 1

491 5041 670 5121 Vitebergae
692 5053 887 5122 &matema

385 5128 435 5190 31.
458 5127 528 5188 llal.
552 5129 685 5188 hortatur
705 5131 927 5190 concionatores
947 5131 1156 5209 Augustanos,
1175 5137 1208 5188 nt
1229 5128 1404 5190 concordiae
1426 5127 1570 5188 studeant.

385 5213 436 5276 39.
458 5213 529 5275 Mel.
551 5215 591 5274 ad
610 5214 773 5276 Euthercm
795 5214 897 5280 scribit
917 5217 955 5277 de
975 5225 1054 5280 statu
1073 5233 1173 5276 rerum
1194 5215 1298 5292 lenae,
1320 5227 1379 5292 qno
1396 5231 1429 5274 sa
1450 5213 1622 5276 contulerat.

2342 5151 2353 5351 i

2348 5372 2355 5426 .
