4724 6086
878 335 1326 406 esthamma
1467 396 1472 404 .
2071 337 2117 410 99

322 530 382 606 elic
408 547 440 614 ,a
463 529 547 602 dois
572 531 696 614 ,ntideo
711 529 770 594 'beu
796 527 923 610 tenen
946 530 1011 608 iltis
1035 531 1153 611 {tegent
1206 527 1286 593 Setis
1307 531 1496 608 perspicuum
1523 537 1582 604 est,
1610 527 1766 610 epistolem
1792 531 1961 609 vespertino
1982 539 2118 614 tempore

195 675 217 696 ,
323 634 388 675 esse
417 615 556 698 scriptum
586 624 615 676 et
650 635 772 678 narrare
797 617 1022 698 impedimenta,
1046 633 1137 696 ¹quae
1164 619 1221 678 iter
1251 617 1321 676 hoo
1348 617 1409 676 die
1433 616 1649 696 impedrhrerint.
1701 615 1772 678 Non
1800 618 1890 698 igitur
1916 618 1990 678 hora
2012 625 2118 680 octava

323 703 507 783 vespertina,
535 702 586 762 uhi
612 722 713 765 mense
746 702 884 764 leuusrio
906 724 993 764 nemo
1014 705 1046 764 in
1067 705 1173 764 itinere
1202 703 1367 784 periculoso
1389 721 1513 788 pergere
1535 703 1623 777 solet,
1651 704 1703 764 sed
1730 706 1874 766 matutina
1894 704 2004 766 lislam
2026 706 2116 770 venir.

322 786 485 850 Lutherum
505 797 602 850 entem
620 791 696 850 duos
718 791 782 851 dies
803 791 835 850 in
855 789 959 850 itinere
979 793 1186 866 consumsisse,
1208 800 1237 850 et
1258 791 1306 850 die
1327 791 1414 850 tertio
1436 808 1523 850 mane
1543 791 1660 850 demum
1677 789 1786 850 Heium
1809 792 1925 852 venisse
1947 791 2116 854 verosimile

324 883 377 936 est
422 875 542 938 Diserte
566 877 637 936 dicit
663 877 794 938 Mnldam
823 895 955 956 quoque,
984 895 1060 956 quae
1086 879 1185 938 media
1212 877 1277 938 fluit
1301 877 1379 937 inter
1406 876 1596 956 Vitobergam
1623 887 1653 936 et
1675 876 1802 954 Halam‘,
1829 878 1916 939 valde
1937 879 2115 942 exendum.

323 962 383 1024 lter
408 963 500 1042 igitur
530 963 732 1024 exundatione
762 964 851 1024 huius
884 964 1014 1024 fluminis
1039 966 1220 1046 rapidissimi
1245 965 1362 1024 videtur
1382 963 1554 1043 impeditum
1578 981 1654 1024 osse.
1699 965 1824 1026 Accedit
1846 965 1926 1044 qood
1946 982 2048 1026 mense
2068 966 2116 1026 la·

322 1047 427 1110 nuurio
447 1049 501 1112 lux
523 1050 582 1110 diei
603 1049 701 1110 brevis
723 1049 819 1110 adhuc
841 1059 895 1128 est,
917 1059 947 1109 et
968 1052 1047 1130 quod
1069 1053 1136 1112 viae
1155 1051 1209 1112 illo
1230 1059 1362 1130 tempore
1384 1057 1469 1110 erent
1484 1048 1548 1110 into
1569 1049 1722 1129 squalidae
1744 1059 1774 1110 et
1792 1052 1916 1126 celerem
1929 1069 2048 1114 cursum
2060 1052 2116 1112 im·

322 1135 490 1216 pediehant.
535 1135 623 1212 Quod
646 1137 784 1216 eiigitur
806 1136 953 1198 Lutherus
975 1141 1151 1218 nouprimo
1175 1157 1262 1200 mune
1288 1137 1342 1198 aed
1367 1136 1428 1197 fere
1451 1136 1524 1198 hora
1545 1145 1650 1198 octava
1672 1135 1718 1196 rel
1739 1157 1820 1199 noua
1840 1139 1869 1200 d.
1893 1139 2032 1200 281811.
2058 1139 2115 1199 iter

322 1221 474 1300 ingressus
499 1231 558 1298 est,
587 1224 638 1282 vix
664 1223 760 1304 potuit
778 1220 917 1302 progredi
936 1242 1028 1304 usqne
1049 1225 1088 1284 ad
1102 1217 1251 1284 ‘Muldum
1296 1223 1364 1283 lloc
1385 1223 1475 1302 igitur
1502 1224 1611 1284 flumen
1639 1225 1668 1284 d.
1692 1223 1742 1284 24.
1764 1225 1914 1304 superant
1942 1235 1972 1286 et
1998 1225 2115 1288 venisse

323 1309 440 1368 ridetur
460 1309 614 1389 usquead
635 1310 809 1390 oppidulum
830 1309 1013 1390 Lsndsherg,
1036 1313 1115 1372 unde
1136 1313 1165 1373 d.
1190 1311 1240 1372 25.
1263 1311 1336 1370 hora
1358 1319 1464 1372 octava
1485 1313 1629 1372 matutina
1649 1311 1768 1372 advenit
1789 1310 1908 1372 lislam.

93 1392 159 1454 tau
213 1394 264 1456 24.
288 1393 495 1474 Landgrurius
519 1395 622 1456 scribit
644 1397 682 1456 ad
706 1395 955 1474 Grauvelianum,
982 1419 1127 1460 rumorem
1146 1399 1275 1477 undique
1305 1415 1437 1475 sparsum
1467 1415 1547 1473 essa,
1574 1393 1733 1460 Caesarem
1760 1399 1859 1460 moliri
1881 1397 1990 1458 bollum
2012 1405 2115 1459 centn

323 1481 535 1543 Proteetautes.

213 1566 267 1628 27.
288 1565 409 1628 initium
438 1569 622 1630 comitiorum
644 1569 913 1632 Retisbonensium.
938 1603 975 1618 -
1003 1571 1175 1632 Melanthon
1200 1575 1283 1651 (cnm
1304 1569 1371 1631 aliis
1392 1569 1554 1650 theoloffis)
1583 1570 1685 1632 decem
1705 1569 1811 1632 litteris
1832 1571 1983 1632 mundavit
2003 1571 2115 1632 iudicia

307 1661 337 1714 et
358 1655 482 1716 consilis
502 1657 540 1716 ad
563 1657 642 1716 huno
664 1665 839 1718 concentum
861 1660 1034 1736 spectantia.
1090 1651 1091 1662 ¹

93 1737 181 1802 Febr.
237 1741 267 1801 4.
288 1741 381 1802 Mittit
402 1737 531 1804 cordato
553 1744 786 1824 propositiones,
819 1755 852 1804 ut
872 1745 910 1804 de
931 1745 968 1805 iis
994 1746 1026 1804 in
1048 1745 1233 1826 promotione
1258 1745 1410 1805 doctorum
1438 1744 1612 1823 disputetur.
1634 1779 1679 1792 -
1705 1743 1791 1806 Alter
1818 1761 1975 1814 consessus
1996 1743 2114 1806 concilii

321 1825 498 1890 Tridentini.
1022 1851 1028 1884 ¹

235 1915 265 1976 5.
288 1912 469 1976 inchoantur
490 1917 638 1995 colloquia
658 1915 865 1998 theologorum
886 1917 919 1978 in
940 1927 1085 1978 conventu
1106 1919 1232 1992 Rauen,
1254 1919 1306 1979 ubi
1327 1919 1358 1978 M
1364 1917 1528 1980 elveuds
1548 1917 1678 1997 disputat
1698 1918 1736 1978 de
1758 1915 1976 1980 iustificatione.

212 2001 264 2062 10.
288 1997 438 2082 Georgius
454 2001 553 2064 Maior
572 2003 689 2082 prolixe
710 2005 822 2079 scribit,
845 2004 916 2084 quid
937 2013 1035 2066 actum
1052 2005 1091 2066 sit
1112 2005 1305 2068 Retisbonae.

210 2087 262 2148 18.
286 2087 387 2148 Monet
408 2089 598 2152 Matthesium
621 2099 653 2150 ut
670 2099 755 2150 caute
777 2099 870 2152 mutet
890 2091 965 2152 ritus
987 2091 1213 2154 ecclesiasticos.
1344 2113 1351 2124 ·

210 2173 263 2236 18.
288 2171 479 2236 Lotherus
499 2177 665 2238 moritur.

209 2261 262 2321 19.
283 2259 456 2322 Meiahthon
476 2263 582 2341 accipit
602 2261 694 2344 lonae
715 2263 871 2344 epistolam
893 2263 930 2326 de
950 2271 1046 2327 morte
1060 2262 1196 2342 Eutheui,
1218 2265 1340 2346 eiusque
1361 2263 1473 2325 obitum
1492 2262 1604 2324 indicat
1625 2262 1808 2324 auditoribus
1828 2261 1860 2322 in
1882 2261 1993 2324 schola

208 2344 264 2407 20.
286 2343 409 2408 lutheri
431 2367 539 2430 corpus
560 2347 669 2409 lislam
691 2351 853 2411 advehitur.

209 2434 264 2494 21.
286 2429 412 2496 Seustrrs
435 2437 628 2509 Academiae,
650 2436 810 2516 interprete
831 2437 1037 2514 Melanthoue,
1063 2439 1175 2500 indicat
1196 2437 1351 2512 idnerslis,
1372 2437 1479 2516 quibus
1498 2434 1622 2498 Lumen
1643 2453 1750 2516 eorpus
1772 2435 1979 2514 excipiendum
1998 2437 2046 2498 sit.
2069 2470 2112 2484 -

318 2517 444 2581 Lutheri
466 2539 573 2602 corpus
592 2521 793 2602 Kemhergsm
816 2523 905 2587 venit.

162 2667 168 2674 ,
207 2605 263 2666 22.
283 2605 357 2666 Post
378 2609 529 2668 meridiem
552 2607 674 2668 Lutheri
695 2610 819 2670 exuvies
840 2611 1012 2672 adferuntur
1032 2611 1224 2692 Vitebergam
1245 2621 1275 2672 et
1303 2629 1411 2692 corpus
1431 2610 1583 2689 reponitur
1603 2610 1636 2668 iu
1657 2609 1793 2670 Ecclesia
1812 2609 1900 2670 arcis.
1940 2607 2112 2670 Melanthos

320 2691 409 2752 habet
428 2695 591 2756 orationem
613 2697 645 2754 in
665 2693 786 2757 lautheri
807 2695 958 2760 honorem.
1931 2721 1934 2728 ’

95 2775 178 2840 itur.
242 2782 270 2839 1.
294 2779 493 2841 Melanthouie
514 2783 608 2842 oratio
626 2783 657 2842 in
677 2781 780 2842 funere
802 2782 925 2844 humeri
943 2783 1244 2866 recuditurlaipsiae,
1266 2785 1314 2845 cui
1336 2783 1404 2844 Mei.
1427 2783 1570 2862 quaedam
1592 2782 1715 2842 eddidit.

290 2863 470 2928 Ooneoletur
492 2869 673 2950 Myconium,
694 2871 781 2930 morti
801 2871 978 2951 proximum.

230 2951 262 3014 5.
286 2951 429 3032 Princeps
447 2953 566 3017 Elector
586 2955 693 3016 litteris
710 2965 864 3017 monuerat
873 2957 1103 3034 Melanthonem,
1122 2957 1321 3020 Pomeranum
1343 2954 1584 3040 etCrocigerum,
1606 2963 1640 3016 ut
1659 2974 1779 3018 causam
1800 2953 1923 3016 liutheri
1941 2959 2112 3017 constanter

319 3057 408 3118 agere
427 3050 599 3120 pergerent3
620 3041 668 3103 oui
689 3043 821 3123 theologi
842 3045 1029 3124 respondent,
1051 3063 1084 3105 se
1105 3045 1162 3104 hoc
1183 3046 1262 3106 bonu
1281 3045 1340 3104 ilde
1359 3043 1489 3104 fecturus
1511 3061 1586 3104 esse.

196 3123 264 3206 (6.)
285 3123 355 3185 Mel.
378 3125 482 3187 scribit
502 3130 844 3209 propositionescontra
865 3131 1040 3195 Malvendae
1062 3133 1238 3192 mntentiam
1261 3133 1298 3192 de
1318 3129 1534 3194 iustidcatione.

228 3212 260 3274 8.
284 3211 376 3272 Mittit
395 3215 615 3294 propositiones
635 3227 739 3278 contra
759 3215 956 3280 Malvendem.
1501 3247 1505 3258 ·

228 3297 261 3360 9.
284 3297 405 3377 Accipit
426 3319 504 3360 nova
524 3303 672 3378 mundata,
694 3322 714 3362 a
735 3301 845 3365 carolo
866 3299 995 3366 Caesare
1015 3305 1048 3366 in
1068 3313 1214 3366 conventu
1235 3305 1314 3366 dats.

204 3383 259 3448 12.
282 3385 373 3446 Mittit
394 3385 542 3466 Zieglero,
563 3389 703 3468 theologo
721 3387 815 3470 Lips,
837 3392 1002 3454 orationem
1023 3393 1095 3476 sepi
1115 3387 1228 3474 ee'gei'r,
1249 3391 1303 3452 sed
1324 3389 1389 3452 siue
1409 3389 1537 3468 epilogo.

281 3471 360 3532 Med.
382 3491 484 3534 mense
505 3474 735 3536 Recusationem
754 3475 870 3538 concilii
887 3477 1054 3542 Tridentini
1071 3479 1163 3540 iatine
1185 3479 1281 3540 rmtit.

281 3555 425 3637 Princeps
445 3559 566 3621 Elector
584 3562 676 3638 iubet,
698 3572 732 3622 ut
752 3563 835 3624 missi
858 3565 896 3626 ab
914 3583 950 3628 eo
969 3565 1002 3627 in
1023 3574 1200 3628 conventum
1220 3565 1342 3627 domum
1361 3561 1493 3624 redeant.

202 3645 259 3706 20.
281 3641 414 3706 Bucerus
435 3646 497 3714 shit
514 3667 552 3708 ex
574 3657 718 3710 conventu
735 3647 849 3711 Retish.
1394 3713 1398 3722 .

201 3731 258 3793 25.
282 3729 437 3792 Prsefstor
456 3733 488 3792 in
509 3732 633 3796 Lutheri
655 3737 870 3798 enan-ationem
887 3737 1000 3800 Psalmi
1020 3739 1143 3800 secundi
1163 3758 1183 3800 a
1203 3739 1275 3800 Vito
1296 3735 1456 3800 'lheodoro
1476 3731 1594 3794 editu

204 3817 259 3878 28.
280 3815 436 3896 Philippus
456 3817 663 3900 laudgravius
684 3831 730 3884 est
751 3811 831 3904 epu'd
852 3821 992 3886 carolum
1011 3823 1168 3904 Oseserem
1190 3821 1306 3904 Spirae.

281 3903 454 3964 Melanthon
476 3926 496 3965 a
517 3905 656 3990 Principe
673 3907 812 3972 Palatino
835 3921 956 3974 vocatur
971 3911 1212 3993 Heidelbergam.

282 3989 437 4052 Praefatur
456 3991 488 4052 in
507 3988 709 4074 Oentagieseri
730 3997 959 4076 disputationem
980 3999 1018 4058 de
1040 3999 1240 4060 Matrimouio.

93 4068 182 4149 April.
226 4078 256 4136 1.
278 4067 467 4138 Cohveniunt
486 4079 577 4160 legati
598 4081 826 4144 Prowetantium
848 4083 1040 4146 Wormetiee
1084 4085 1307 4166 (Discesserunt
1327 4085 1356 4146 d.
1379 4083 1429 4146 28.
1449 4081 1537 4158 Alth)
1629 4167 1636 4186 Ι

222 4163 253 4224 4.
276 4161 354 4224 Fere
374 4163 431 4224 hoc
453 4167 501 4226 die
523 4163 634 4248 Georg.
657 4169 753 4230 Maior
775 4189 813 4230 ex
835 4182 980 4233 concentu
1002 4174 1082 4234 venit
1101 4173 1300 4252 Vitebergsm.

223 4249 254 4310 i.
275 4249 469 4330 Myconius
488 4254 653 4317 moritur.

220 4335 254 4397 8.
276 4331 397 4397 Tertius
419 4357 576 4401 consessus
597 4341 716 4404 concilii
735 4342 913 4406 Tridentini.

201 4421 252 4482 12.
276 4421 353 4484 Fere
373 4423 431 4484 hoc
454 4425 503 4485 die
523 4425 592 4487 Mei.
615 4428 785 4490 academiae
806 4429 945 4492 Francos.
968 4431 1070 4494 scribit
1091 4431 1129 4492 de
1150 4431 1343 4512 poenitentia.

201 4507 252 4568 10.
272 4507 529 4588 Hermannas,
551 4513 803 4596 Arohispiscopus
824 4515 1024 4592 coloniensis,
1046 4520 1318 4580 excommunicetur
1337 4537 1357 4576 a
1376 4515 1469 4593 Papa.

200 4595 250 4656 lt.
273 4593 444 4660 Fridericus
462 4595 676 4682 Staphylus
697 4601 823 4663 mittitur
843 4604 875 4664 iu
898 4605 1092 4665 Academiam
1113 4605 1389 4684 Regiomontanam.

272 4681 341 4744 Mel.
362 4695 463 4744 uenat
484 4686 637 4747 historiam
660 4687 696 4747 de
717 4689 918 4752 internecione
939 4690 1047 4751 Diasii.

197 4765 248 4828 20.
272 4767 463 4850 liamburgae
485 4773 651 4850 disputetur
672 4775 708 4834 de
731 4777 876 4838 descensu
897 4775 1009 4838 Christi
1029 4777 1069 4836 ad
1088 4777 1209 4839 inferos.

199 4853 248 4917 80.
270 4855 340 4918 Mei.
363 4857 468 4917 indicit
490 4861 705 4922 enarrationem
727 4863 868 4942 epistolae
891 4865 929 4924 ad
950 4863 1112 4925 Romanos

156 4933 185 4995 h.
207 4959 247 5001 m.
267 4941 412 5002 Iudicium
434 4945 641 5024 theologorum
663 4949 700 5008 de
721 4949 801 5010 hello
820 4969 888 5010 cum
911 4949 1047 5012 camare.
1673 4949 1677 4964 '
1964 4975 1971 4988 ·

90 5009 155 5079 liti·
195 5027 244 5087 li.
268 5028 336 5088 liei.
357 5031 396 5089 ad
419 5031 456 5094 V.
480 5029 686 5096 Theodorum
712 5031 915 5112 ,circumfero
936 5038 1074 5099 assiduos
1095 5037 1242 5098 cruciatus
1262 5037 1322 5096 iam
1344 5043 1470 5115 quatuor
1491 5035 1641 5096 mensibus
1660 5053 1699 5096 ex
1721 5031 1835 5094 ceiculo
1857 5036 1968 5094 ortos.i

173 5113 247 5174 med.
269 5114 417 5195 Theologi
439 5118 537 5180 Viteb.
560 5123 739 5200 respondent
760 5123 798 5183 ad
820 5125 1036 5202 quaestionem:
1056 5143 1096 5184 au
1117 5123 1296 5201 colloquium
1318 5123 1356 5182 da
1376 5121 1521 5202 reiigione
1542 5121 1649 5182 iterum
1672 5119 1872 5184 inchoandum
1894 5121 1943 5184 sit.

197 5199 399 5280 19.1.ipsiam
424 5205 620 5282 proficiscitur
639 5209 677 5267 ad
699 5209 854 5272 nundinas.

269 5287 337 5350 lloc
359 5299 489 5370 tempore
512 5290 638 5354 Carolus
660 5295 825 5374 imperator
846 5299 927 5358 venit
946 5297 1153 5358 Ratisbonam.
